BTCUSDT,64166.420000,64191.710000,1771976231414,1771976230134,1771976230134,0,67,0
BTCUSDT,64191.700000,64191.710000,1771976231514,1771976230234,1771976230234,99833,87,0
BTCUSDT,64191.700000,64191.710000,1771976231614,1771976230335,1771976230335,100658,829,0
BTCUSDT,64191.580000,64191.710000,1771976231714,1771976230435,1771976230435,99987,333,0
BTCUSDT,64191.590000,64191.710000,1771976231814,1771976230534,1771976230534,99062,54,0
BTCUSDT,64191.700000,64191.710000,1771976232014,1771976230734,1771976230734,200291,67,0
BTCUSDT,64191.700000,64191.710000,1771976232114,1771976230834,1771976230834,100140,131,0
BTCUSDT,64196.120000,64191.710000,1771976232214,1771976230934,1771976230935,100344,833,0
BTCUSDT,64196.120000,64196.130000,1771976232314,1771976231035,1771976231036,100385,945,0
BTCUSDT,64196.120000,64196.130000,1771976232414,1771976231134,1771976231134,99326,177,0
BTCUSDT,64196.120000,64196.130000,1771976232514,1771976231235,1771976231235,100874,82,0
BTCUSDT,64196.120000,64196.130000,1771976232614,1771976231335,1771976231335,99842,376,0
BTCUSDT,64195.270000,64196.130000,1771976232714,1771976231435,1771976231436,99743,1075,0
BTCUSDT,64196.120000,64196.130000,1771976232814,1771976231534,1771976231534,99151,211,0
BTCUSDT,64196.120000,64196.130000,1771976232914,1771976231634,1771976231634,100240,70,0
BTCUSDT,64195.200000,64196.130000,1771976233014,1771976231734,1771976231735,100356,228,0
BTCUSDT,64196.120000,64198.460000,1771976233114,1771976231834,1771976231834,99497,59,0
BTCUSDT,64194.650000,64196.130000,1771976233214,1771976231935,1771976231935,100833,236,0
BTCUSDT,64194.630000,64196.130000,1771976233314,1771976232034,1771976232035,99596,230,0
BTCUSDT,64190.550000,64196.870000,1771976233414,1771976232134,1771976232134,99490,125,0
BTCUSDT,63225.690000,64400.920000,1771976233514,1771976232234,1771976232234,100411,282,0
BTCUSDT,64196.120000,64196.130000,1771976233614,1771976232334,1771976232334,99985,137,0
BTCUSDT,64181.880000,64200.000000,1771976233714,1771976232434,1771976232435,100143,232,0
BTCUSDT,64196.120000,64196.130000,1771976233814,1771976232534,1771976232534,99547,56,0
BTCUSDT,64196.120000,64196.130000,1771976233914,1771976232634,1771976232634,100044,64,0
BTCUSDT,57776.510000,64196.130000,1771976234014,1771976232734,1771976232734,100388,54,0
BTCUSDT,64196.120000,64196.660000,1771976234114,1771976232834,1771976232834,99798,110,0
BTCUSDT,64191.730000,64584.950000,1771976234214,1771976232934,1771976232934,100227,92,0
BTCUSDT,64194.000000,64197.820000,1771976234414,1771976233134,1771976233135,200049,106,0
BTCUSDT,64196.120000,64196.130000,1771976234714,1771976233435,1771976233435,300337,266,0
BTCUSDT,64196.120000,64196.130000,1771976234814,1771976233534,1771976233534,99222,53,0
BTCUSDT,64194.400000,64203.400000,1771976234914,1771976233634,1771976233634,99771,51,0
BTCUSDT,57776.510000,64196.130000,1771976235015,1771976233735,1771976233735,101433,41,0
BTCUSDT,64196.120000,64196.130000,1771976235414,1771976234135,1771976234135,399380,638,0
BTCUSDT,64196.120000,64196.130000,1771976235514,1771976234235,1771976234235,99981,555,0
BTCUSDT,64196.120000,64191.710000,1771976235614,1771976234335,1771976234337,100528,2007,0
BTCUSDT,64191.700000,64191.710000,1771976235714,1771976234435,1771976234436,100168,831,0
BTCUSDT,64191.700000,64191.710000,1771976235814,1771976234535,1771976234535,99588,528,0
BTCUSDT,64190.270000,64192.910000,1771976235914,1771976234634,1771976234634,99393,140,0
BTCUSDT,64191.700000,64194.450000,1771976236014,1771976234734,1771976234734,99695,112,0
BTCUSDT,64191.700000,64192.910000,1771976236114,1771976234834,1771976234834,100348,237,0
BTCUSDT,64169.340000,64216.020000,1771976236214,1771976234934,1771976234934,99673,51,0
BTCUSDT,64191.700000,64186.380000,1771976236314,1771976235036,1771976235038,101618,2866,0
BTCUSDT,64186.370000,64186.380000,1771976236414,1771976235134,1771976235135,98876,995,0
BTCUSDT,64186.370000,64186.380000,1771976236514,1771976235234,1771976235235,99885,426,0
BTCUSDT,64186.370000,64186.380000,1771976236614,1771976235335,1771976235336,100899,971,0
BTCUSDT,64186.370000,64186.380000,1771976236714,1771976235434,1771976235435,99267,869,0
BTCUSDT,64185.730000,64187.640000,1771976236814,1771976235534,1771976235534,99655,87,0
BTCUSDT,64186.370000,64186.380000,1771976236914,1771976235635,1771976235635,100645,300,0
BTCUSDT,64186.370000,64186.380000,1771976237014,1771976235734,1771976235734,99627,60,0
BTCUSDT,64184.390000,64189.490000,1771976237114,1771976235834,1771976235834,99713,54,0
BTCUSDT,64181.680000,64186.380000,1771976237214,1771976235934,1771976235934,99600,63,0
BTCUSDT,64186.370000,64186.380000,1771976237315,1771976236036,1771976236036,102128,160,0
BTCUSDT,64186.370000,64186.590000,1771976237414,1771976236134,1771976236134,98066,96,0
BTCUSDT,64186.370000,64186.380000,1771976237514,1771976236234,1771976236235,100514,552,0
BTCUSDT,64186.370000,64186.380000,1771976237614,1771976236335,1771976236335,100090,323,0
BTCUSDT,64186.370000,64187.560000,1771976237714,1771976236434,1771976236435,99856,252,0
BTCUSDT,64181.000000,64190.000000,1771976238014,1771976236735,1771976236735,300169,197,0
BTCUSDT,64186.370000,64320.580000,1771976238214,1771976236935,1771976236935,200048,196,0
BTCUSDT,64184.060000,64200.260000,1771976238314,1771976237034,1771976237034,99795,53,0
BTCUSDT,64184.480000,64186.380000,1771976238414,1771976237134,1771976237134,99933,176,0
BTCUSDT,64186.370000,64186.380000,1771976238514,1771976237234,1771976237234,99828,74,0
BTCUSDT,64181.190000,64217.300000,1771976238714,1771976237434,1771976237434,200105,247,0
BTCUSDT,57767.740000,64186.380000,1771976238914,1771976237634,1771976237634,199633,47,0
BTCUSDT,64146.330000,64186.380000,1771976239014,1771976237734,1771976237734,100286,93,0
BTCUSDT,64186.370000,64190.410000,1771976239114,1771976237834,1771976237834,99623,69,0
BTCUSDT,64186.370000,64201.450000,1771976239214,1771976237934,1771976237934,100032,57,0
BTCUSDT,64185.660000,64186.380000,1771976239314,1771976238034,1771976238035,100582,201,0
BTCUSDT,64186.370000,64186.380000,1771976239414,1771976238134,1771976238134,99326,52,0
BTCUSDT,64186.370000,64186.380000,1771976239514,1771976238234,1771976238234,99826,95,0
BTCUSDT,64184.480000,64186.380000,1771976239615,1771976238335,1771976238335,101276,121,0
BTCUSDT,64186.370000,64186.380000,1771976239714,1771976238434,1771976238435,99564,338,0
BTCUSDT,64186.370000,64186.380000,1771976239814,1771976238534,1771976238535,100032,419,0
BTCUSDT,64179.660000,64186.380000,1771976239914,1771976238634,1771976238634,99333,104,0
BTCUSDT,64179.440000,64186.380000,1771976240014,1771976238734,1771976238734,99981,83,0
BTCUSDT,64186.370000,64186.380000,1771976240114,1771976238834,1771976238834,100207,233,0
BTCUSDT,64186.370000,64186.380000,1771976240214,1771976238934,1771976238934,100074,102,0
BTCUSDT,64113.050000,64186.380000,1771976240314,1771976239034,1771976239035,100303,207,0
BTCUSDT,64186.370000,64186.380000,1771976240414,1771976239135,1771976239135,100376,212,0
BTCUSDT,63672.880000,70605.020000,1771976240514,1771976239234,1771976239234,99041,42,0
BTCUSDT,64176.570000,64189.520000,1771976240615,1771976239335,1771976239335,101087,73,0
BTCUSDT,64176.560000,64186.380000,1771976240714,1771976239434,1771976239434,98723,65,0
BTCUSDT,64158.240000,64216.880000,1771976240814,1771976239534,1771976239535,100848,159,0
BTCUSDT,57767.740000,64186.380000,1771976241014,1771976239734,1771976239735,199994,151,0
BTCUSDT,62989.660000,64186.380000,1771976241114,1771976239834,1771976239835,100005,158,0
BTCUSDT,64038.320000,64194.930000,1771976241214,1771976239934,1771976239935,100014,235,0
BTCUSDT,57767.740000,64316.650000,1771976241314,1771976240035,1771976240035,100143,147,0
BTCUSDT,64186.370000,64188.460000,1771976241714,1771976240434,1771976240434,399474,57,0
BTCUSDT,64156.220000,64186.380000,1771976241814,1771976240534,1771976240535,100442,301,0
BTCUSDT,57767.740000,64186.380000,1771976241914,1771976240634,1771976240635,99948,298,0
BTCUSDT,57767.740000,64186.380000,1771976242014,1771976240734,1771976240734,99495,43,0
BTCUSDT,64186.370000,64186.380000,1771976242114,1771976240834,1771976240834,99803,49,0
BTCUSDT,64012.290000,64186.380000,1771976242214,1771976240935,1771976240935,100795,249,0
BTCUSDT,57767.740000,64186.380000,1771976242314,1771976241034,1771976241035,99853,258,0
BTCUSDT,64186.370000,64186.380000,1771976242414,1771976241134,1771976241134,99690,208,0
BTCUSDT,64038.110000,64186.380000,1771976242514,1771976241234,1771976241235,100402,182,0
BTCUSDT,64186.370000,64186.380000,1771976242615,1771976241335,1771976241335,100757,173,0
BTCUSDT,57767.740000,64186.380000,1771976242714,1771976241434,1771976241434,98976,138,0
BTCUSDT,64156.220000,64186.380000,1771976242814,1771976241535,1771976241535,100306,173,0
BTCUSDT,57767.740000,64186.380000,1771976242914,1771976241634,1771976241635,99782,233,0
BTCUSDT,57767.740000,64186.380000,1771976243014,1771976241734,1771976241734,99993,145,0
BTCUSDT,57767.740000,64186.380000,1771976243114,1771976241834,1771976241834,100012,142,0
BTCUSDT,64186.370000,64186.380000,1771976243214,1771976241934,1771976241935,100168,177,0
BTCUSDT,57767.740000,64186.380000,1771976243314,1771976242034,1771976242034,99727,142,0
BTCUSDT,61651.190000,64186.380000,1771976243414,1771976242134,1771976242134,99342,68,0
BTCUSDT,64128.250000,64186.380000,1771976243514,1771976242234,1771976242234,100512,176,0
BTCUSDT,64139.390000,64186.380000,1771976243614,1771976242334,1771976242334,99704,46,0
BTCUSDT,57767.740000,64186.380000,1771976243714,1771976242434,1771976242435,100613,305,0
BTCUSDT,57767.740000,64186.380000,1771976243814,1771976242534,1771976242534,99185,108,0
BTCUSDT,64186.370000,64186.380000,1771976243914,1771976242634,1771976242635,100839,145,0
BTCUSDT,57767.740000,64186.380000,1771976244014,1771976242734,1771976242734,99350,43,0
BTCUSDT,57767.740000,64186.380000,1771976244114,1771976242834,1771976242834,99892,41,0
BTCUSDT,57767.740000,64186.380000,1771976244214,1771976242934,1771976242934,100188,40,0
BTCUSDT,57767.740000,64186.380000,1771976244314,1771976243034,1771976243034,99984,39,0
BTCUSDT,57767.740000,64186.380000,1771976244414,1771976243134,1771976243134,100497,152,0
BTCUSDT,63672.880000,64186.380000,1771976244514,1771976243234,1771976243234,99300,69,0
BTCUSDT,64139.390000,64186.380000,1771976244614,1771976243334,1771976243334,100101,60,0
BTCUSDT,64186.370000,64186.380000,1771976244714,1771976243434,1771976243434,100578,154,0
BTCUSDT,64179.440000,64186.380000,1771976244814,1771976243534,1771976243534,99272,86,0
BTCUSDT,64181.560000,64186.380000,1771976244914,1771976243634,1771976243634,100162,77,0
BTCUSDT,64181.560000,64186.380000,1771976245014,1771976243734,1771976243734,100167,81,0
BTCUSDT,57767.740000,64186.380000,1771976245114,1771976243834,1771976243834,99850,41,0
BTCUSDT,57767.740000,64186.380000,1771976245214,1771976243934,1771976243934,99946,51,0
BTCUSDT,64186.370000,64186.380000,1771976245314,1771976244034,1771976244034,99921,49,0
BTCUSDT,64158.350000,64186.380000,1771976245414,1771976244134,1771976244134,100093,45,0
BTCUSDT,63672.880000,64186.380000,1771976245514,1771976244234,1771976244234,100150,46,0
BTCUSDT,63672.880000,64186.380000,1771976245614,1771976244335,1771976244335,100971,352,0
BTCUSDT,64181.810000,64186.380000,1771976245714,1771976244434,1771976244434,98855,55,0
BTCUSDT,64181.190000,64186.380000,1771976245814,1771976244534,1771976244534,99987,52,0
BTCUSDT,64178.960000,64186.380000,1771976245914,1771976244635,1771976244635,100861,369,0
BTCUSDT,57767.740000,64186.380000,1771976246014,1771976244733,1771976244733,98874,42,0
BTCUSDT,57767.740000,64186.380000,1771976246114,1771976244834,1771976244834,100310,83,0
BTCUSDT,57767.740000,64186.380000,1771976246214,1771976244934,1771976244934,100016,98,0
BTCUSDT,64158.650000,64186.380000,1771976246314,1771976245034,1771976245034,100309,174,0
BTCUSDT,64175.910000,64186.380000,1771976246414,1771976245135,1771976245135,100590,275,0
BTCUSDT,64172.970000,64186.380000,1771976246514,1771976245234,1771976245234,99094,69,0
BTCUSDT,63672.880000,64261.880000,1771976246614,1771976245334,1771976245334,100018,77,0
BTCUSDT,64079.290000,64750.970000,1771976246714,1771976245435,1771976245435,100852,216,0
BTCUSDT,64186.370000,64186.380000,1771976246814,1771976245534,1771976245535,99803,227,0
BTCUSDT,57767.740000,64186.380000,1771976246914,1771976245634,1771976245634,99585,108,0
BTCUSDT,57767.740000,64186.380000,1771976247114,1771976245833,1771976245833,199442,48,0
BTCUSDT,64186.370000,64186.380000,1771976247214,1771976245934,1771976245934,100545,49,0
BTCUSDT,57767.740000,64186.380000,1771976247314,1771976246034,1771976246034,100222,169,0
BTCUSDT,64108.650000,64186.380000,1771976247414,1771976246134,1771976246134,99631,125,0
BTCUSDT,57767.740000,64186.380000,1771976247514,1771976246235,1771976246235,100710,155,0
BTCUSDT,63672.880000,64269.030000,1771976247614,1771976246334,1771976246334,99517,152,0
BTCUSDT,64186.370000,64194.830000,1771976247914,1771976246634,1771976246634,300153,85,0
BTCUSDT,64179.040000,64750.970000,1771976248014,1771976246734,1771976246734,99905,205,0
BTCUSDT,57767.740000,64186.380000,1771976248314,1771976247033,1771976247033,299307,42,0
BTCUSDT,64112.440000,64188.440000,1771976248414,1771976247134,1771976247134,100392,54,0
BTCUSDT,64156.200000,64188.440000,1771976248514,1771976247234,1771976247234,100361,169,0
BTCUSDT,57767.740000,64186.380000,1771976248714,1771976247434,1771976247434,199805,75,0
BTCUSDT,64159.420000,64186.380000,1771976248814,1771976247534,1771976247534,99907,46,0
BTCUSDT,57767.740000,64186.380000,1771976248914,1771976247634,1771976247634,99807,43,0
BTCUSDT,57767.740000,64186.380000,1771976249014,1771976247735,1771976247735,100990,410,0
BTCUSDT,63976.130000,64269.030000,1771976249214,1771976247934,1771976247934,199045,45,0
BTCUSDT,57767.740000,64188.440000,1771976249514,1771976248234,1771976248234,300245,43,0
BTCUSDT,64132.900000,64186.380000,1771976249614,1771976248334,1771976248334,100062,137,0
BTCUSDT,64186.370000,64186.380000,1771976249715,1771976248435,1771976248435,100567,113,0
BTCUSDT,57767.740000,64209.300000,1771976249814,1771976248534,1771976248534,99356,134,0
BTCUSDT,64140.620000,64194.830000,1771976249914,1771976248634,1771976248634,100279,157,0
BTCUSDT,64143.710000,64239.260000,1771976250014,1771976248734,1771976248734,99896,150,0
BTCUSDT,64162.480000,64219.610000,1771976250214,1771976248934,1771976248934,199426,88,0
BTCUSDT,64143.710000,64345.050000,1771976250314,1771976249034,1771976249034,99982,132,0
BTCUSDT,64179.120000,64186.380000,1771976250416,1771976249136,1771976249136,101976,53,0
BTCUSDT,64186.370000,64186.380000,1771976250514,1771976249234,1771976249234,97989,73,0
BTCUSDT,64132.900000,64188.440000,1771976250614,1771976249334,1771976249334,100573,349,0
BTCUSDT,64167.200000,64188.450000,1771976250714,1771976249434,1771976249435,100381,192,0
BTCUSDT,64027.630000,64186.380000,1771976250814,1771976249534,1771976249534,99843,155,0
BTCUSDT,64186.370000,64186.380000,1771976251014,1771976249734,1771976249734,199796,306,0
BTCUSDT,64189.480000,64186.380000,1771976251114,1771976249834,1771976249835,100050,783,0
BTCUSDT,64192.530000,64189.490000,1771976251214,1771976249934,1771976249935,99887,832,0
BTCUSDT,64192.530000,64192.540000,1771976251314,1771976250034,1771976250034,99513,155,0
BTCUSDT,64189.480000,64192.540000,1771976251414,1771976250133,1771976250133,99791,81,0
BTCUSDT,64192.530000,64192.540000,1771976251514,1771976250234,1771976250234,100203,88,0
BTCUSDT,64196.730000,64192.540000,1771976251614,1771976250334,1771976250334,100183,245,0
BTCUSDT,64196.730000,64196.740000,1771976251714,1771976250434,1771976250434,100038,174,0
BTCUSDT,64196.730000,64196.740000,1771976251814,1771976250533,1771976250534,99651,97,0
BTCUSDT,64196.730000,64196.740000,1771976251914,1771976250634,1771976250634,100505,227,0
BTCUSDT,64196.730000,64196.740000,1771976252014,1771976250734,1771976250734,99626,141,0
BTCUSDT,64196.740000,64196.740000,1771976252114,1771976250834,1771976250834,100028,147,0
BTCUSDT,64197.370000,64196.750000,1771976252214,1771976250934,1771976250935,100707,795,0
BTCUSDT,64197.370000,64197.380000,1771976252314,1771976251035,1771976251035,100317,340,0
BTCUSDT,64197.370000,64197.380000,1771976252414,1771976251134,1771976251134,99498,225,0
BTCUSDT,64197.370000,64197.380000,1771976252514,1771976251234,1771976251234,99419,80,0
BTCUSDT,64197.190000,64197.380000,1771976252614,1771976251334,1771976251334,100018,84,0
BTCUSDT,64197.310000,64197.380000,1771976252714,1771976251433,1771976251433,99782,63,0
BTCUSDT,64197.360000,64203.040000,1771976252814,1771976251534,1771976251534,100682,142,0
BTCUSDT,64053.160000,64197.380000,1771976252915,1771976251634,1771976251634,100125,59,0
BTCUSDT,64194.810000,64201.700000,1771976253014,1771976251734,1771976251734,99557,70,0
BTCUSDT,64198.950000,64197.380000,1771976253114,1771976251834,1771976251834,100033,133,0
BTCUSDT,64198.950000,64198.960000,1771976253214,1771976251934,1771976251934,99930,73,0
BTCUSDT,64198.950000,64208.020000,1771976253315,1771976252034,1771976252035,100731,124,0
BTCUSDT,64198.950000,64198.960000,1771976253416,1771976252135,1771976252135,100657,63,0
BTCUSDT,64198.950000,64198.960000,1771976253514,1771976252234,1771976252234,98700,91,0
BTCUSDT,64197.860000,64198.960000,1771976253614,1771976252334,1771976252334,99761,133,0
BTCUSDT,64198.950000,64200.390000,1771976253714,1771976252433,1771976252433,99843,76,0
BTCUSDT,64159.890000,64198.960000,1771976253815,1771976252535,1771976252535,101217,66,0
BTCUSDT,64083.790000,64198.960000,1771976254014,1771976252734,1771976252735,199684,330,0
BTCUSDT,64198.950000,64198.960000,1771976254114,1771976252834,1771976252834,99878,261,0
BTCUSDT,64197.860000,64198.960000,1771976254214,1771976252934,1771976252934,99497,97,0
BTCUSDT,64191.780000,64272.160000,1771976254314,1771976253034,1771976253034,100053,55,0
BTCUSDT,64045.200000,64842.900000,1771976254415,1771976253135,1771976253135,101324,145,0
BTCUSDT,64197.900000,64198.960000,1771976254614,1771976253334,1771976253334,198726,90,0
BTCUSDT,64198.950000,64206.650000,1771976254714,1771976253433,1771976253433,99633,50,0
BTCUSDT,64197.870000,64198.960000,1771976254814,1771976253534,1771976253535,100841,398,0
BTCUSDT,64198.950000,64198.960000,1771976254914,1771976253634,1771976253635,99938,432,0
BTCUSDT,64197.860000,64198.960000,1771976255014,1771976253734,1771976253735,100184,508,0
BTCUSDT,64191.500000,64198.960000,1771976255114,1771976253834,1771976253834,99662,139,0
BTCUSDT,64198.960000,64198.960000,1771976255214,1771976253934,1771976253934,99901,57,0
BTCUSDT,64198.960000,64210.340000,1771976255314,1771976254033,1771976254033,99348,60,0
BTCUSDT,64198.960000,64199.110000,1771976255414,1771976254134,1771976254134,100632,195,0
BTCUSDT,64103.450000,64198.970000,1771976255515,1771976254234,1771976254235,100444,186,0
BTCUSDT,64183.620000,64204.270000,1771976255614,1771976254334,1771976254334,99447,215,0
BTCUSDT,64163.020000,64225.150000,1771976255714,1771976254433,1771976254433,99646,43,0
BTCUSDT,57779.070000,64222.580000,1771976255814,1771976254534,1771976254534,100099,42,0
BTCUSDT,64173.810000,64211.140000,1771976255914,1771976254633,1771976254633,99841,47,0
BTCUSDT,64152.830000,64282.150000,1771976256014,1771976254734,1771976254734,100843,167,0
BTCUSDT,64196.000000,64253.540000,1771976256114,1771976254834,1771976254834,99915,221,0
BTCUSDT,64198.960000,64198.970000,1771976256214,1771976254934,1771976254934,99974,97,0
BTCUSDT,64191.500000,64205.190000,1771976256315,1771976255035,1771976255035,100647,426,0
BTCUSDT,64198.960000,64198.970000,1771976256414,1771976255134,1771976255135,99640,252,0
BTCUSDT,64196.000000,64205.950000,1771976256514,1771976255233,1771976255233,99010,84,0
BTCUSDT,64193.570000,64460.840000,1771976256614,1771976255334,1771976255334,100457,363,0
BTCUSDT,64193.630000,64214.800000,1771976256714,1771976255434,1771976255434,100206,302,0
BTCUSDT,64089.770000,64246.980000,1771976257014,1771976255734,1771976255734,299586,47,0
BTCUSDT,64197.370000,64210.330000,1771976257114,1771976255833,1771976255833,99597,59,0
BTCUSDT,64198.960000,64198.970000,1771976257214,1771976255934,1771976255934,100664,181,0
BTCUSDT,64197.860000,64201.410000,1771976257314,1771976256034,1771976256034,100182,234,0
BTCUSDT,64185.910000,64412.270000,1771976257414,1771976256134,1771976256134,99979,153,0
BTCUSDT,64198.960000,64203.910000,1771976257514,1771976256234,1771976256235,100290,169,0
BTCUSDT,64198.960000,64203.920000,1771976257614,1771976256334,1771976256334,99674,293,0
BTCUSDT,63685.370000,64198.970000,1771976257814,1771976256534,1771976256534,200051,147,0
BTCUSDT,64173.270000,64213.400000,1771976258014,1771976256734,1771976256734,199452,117,0
BTCUSDT,64186.110000,64232.010000,1771976258114,1771976256834,1771976256834,100348,202,0
BTCUSDT,64140.950000,64198.970000,1771976258214,1771976256934,1771976256934,100112,67,0
BTCUSDT,64198.960000,64206.120000,1771976258315,1771976257035,1771976257035,100872,163,0
BTCUSDT,64007.470000,64198.970000,1771976258414,1771976257134,1771976257134,99090,188,0
BTCUSDT,64198.960000,64241.660000,1771976258614,1771976257334,1771976257334,200174,177,0
BTCUSDT,63685.370000,64198.970000,1771976258714,1771976257434,1771976257434,99960,175,0
BTCUSDT,64186.110000,64206.120000,1771976258914,1771976257634,1771976257634,200119,154,0
BTCUSDT,64198.960000,64198.970000,1771976259014,1771976257734,1771976257734,99798,306,0
BTCUSDT,63945.580000,64198.970000,1771976259114,1771976257833,1771976257833,99414,47,0
BTCUSDT,64171.800000,64206.220000,1771976259215,1771976257936,1771976257936,102228,246,0
BTCUSDT,64198.970000,64198.970000,1771976259414,1771976258134,1771976258134,197910,172,0
BTCUSDT,64198.970000,64198.980000,1771976259515,1771976258235,1771976258235,101049,78,0
BTCUSDT,64198.970000,64198.980000,1771976259615,1771976258335,1771976258335,100124,69,0
BTCUSDT,64198.970000,64198.980000,1771976259714,1771976258433,1771976258434,98738,87,0
BTCUSDT,64198.970000,64198.980000,1771976259814,1771976258534,1771976258534,100176,108,0
BTCUSDT,64198.970000,64198.980000,1771976259914,1771976258634,1771976258635,100703,1020,0
BTCUSDT,57669.480000,64136.060000,1771977136914,1771977135617,1771977135617,0,51,0
BTCUSDT,64077.190000,64083.590000,1771977137314,1771977136018,1771977136018,400646,461,0
BTCUSDT,64077.190000,64078.300000,1771977137414,1771977136117,1771977136117,99421,325,0
BTCUSDT,64077.190000,64077.200000,1771977137815,1771977136518,1771977136518,401060,181,0
BTCUSDT,64077.190000,64077.200000,1771977137914,1771977136617,1771977136618,99213,411,0
BTCUSDT,64077.190000,64077.200000,1771977138014,1771977136717,1771977136717,99431,50,0
BTCUSDT,64077.190000,64079.990000,1771977138114,1771977136817,1771977136817,100297,160,0
BTCUSDT,63931.980000,64077.200000,1771977138216,1771977136919,1771977136919,101450,55,0
BTCUSDT,64077.190000,64077.200000,1771977138415,1771977137118,1771977137119,199880,244,0
BTCUSDT,64077.190000,64077.200000,1771977138514,1771977137217,1771977137217,98356,54,0
BTCUSDT,64077.190000,64712.430000,1771977138614,1771977137317,1771977137317,100320,50,0
BTCUSDT,64077.190000,64200.350000,1771977138714,1771977137417,1771977137417,99880,68,0
BTCUSDT,64077.180000,64077.200000,1771977138814,1771977137518,1771977137518,100665,208,0
BTCUSDT,64077.190000,64077.200000,1771977138914,1771977137618,1771977137618,99960,340,0
BTCUSDT,64077.190000,64078.300000,1771977139014,1771977137717,1771977137717,99441,110,0
BTCUSDT,64077.190000,64081.220000,1771977139114,1771977137817,1771977137817,100228,147,0
BTCUSDT,64077.190000,64077.200000,1771977139214,1771977137918,1771977137918,100306,171,0
BTCUSDT,64077.190000,64077.200000,1771977139314,1771977138017,1771977138017,99709,187,0
BTCUSDT,64077.190000,64074.790000,1771977139414,1771977138117,1771977138118,99969,602,0
BTCUSDT,64074.780000,64074.790000,1771977139514,1771977138217,1771977138217,99937,137,0
BTCUSDT,64074.780000,64074.790000,1771977139614,1771977138318,1771977138319,100859,483,0
BTCUSDT,64074.780000,64074.790000,1771977139714,1771977138417,1771977138417,99078,70,0
BTCUSDT,64074.770000,64074.790000,1771977139814,1771977138517,1771977138518,100283,234,0
BTCUSDT,64074.780000,64074.850000,1771977139914,1771977138617,1771977138618,99974,334,0
BTCUSDT,64074.780000,64074.790000,1771977140014,1771977138718,1771977138718,100571,197,0
BTCUSDT,64074.770000,64074.790000,1771977140114,1771977138817,1771977138817,99308,176,0
BTCUSDT,64074.780000,64074.790000,1771977140214,1771977138917,1771977138917,100015,152,0
BTCUSDT,64074.090000,64074.790000,1771977140314,1771977139017,1771977139017,99644,98,0
BTCUSDT,64074.780000,64076.630000,1771977140414,1771977139117,1771977139117,99978,59,0
BTCUSDT,64073.170000,64074.790000,1771977140514,1771977139217,1771977139218,100493,264,0
BTCUSDT,64074.780000,64077.110000,1771977140614,1771977139317,1771977139317,99759,151,0
BTCUSDT,64074.770000,64074.790000,1771977140714,1771977139417,1771977139417,99644,77,0
BTCUSDT,64074.770000,64074.790000,1771977140814,1771977139517,1771977139517,100345,47,0
BTCUSDT,64069.370000,64146.010000,1771977140914,1771977139617,1771977139618,100237,151,0
BTCUSDT,64069.370000,64074.790000,1771977141014,1771977139718,1771977139718,100143,297,0
BTCUSDT,64069.370000,64106.830000,1771977141114,1771977139818,1771977139818,100401,176,0
BTCUSDT,64069.370000,64100.000000,1771977141214,1771977139917,1771977139917,98718,71,0
BTCUSDT,64074.780000,64070.790000,1771977141314,1771977140019,1771977140023,102143,3860,0
BTCUSDT,64070.780000,64070.790000,1771977141414,1771977140118,1771977140119,98975,816,0
BTCUSDT,64070.780000,64070.790000,1771977141514,1771977140217,1771977140218,99607,454,0
BTCUSDT,64070.780000,64064.840000,1771977141614,1771977140318,1771977140319,100340,1302,0
BTCUSDT,64064.830000,64064.840000,1771977141714,1771977140417,1771977140417,99205,138,0
BTCUSDT,64063.500000,64066.720000,1771977141814,1771977140517,1771977140518,100432,228,0
BTCUSDT,64064.830000,64065.390000,1771977141914,1771977140617,1771977140617,99503,245,0
BTCUSDT,64064.830000,64064.840000,1771977142014,1771977140718,1771977140718,100971,302,0
BTCUSDT,64063.180000,64064.840000,1771977142115,1771977140818,1771977140818,100247,233,0
BTCUSDT,64064.830000,64146.240000,1771977142214,1771977140917,1771977140917,98848,84,0
BTCUSDT,64064.830000,64064.840000,1771977142314,1771977141018,1771977141018,101108,365,0
BTCUSDT,64064.000000,64065.120000,1771977142414,1771977141117,1771977141117,99218,202,0
BTCUSDT,64064.830000,64064.840000,1771977142515,1771977141228,1771977141229,111214,110,0
BTCUSDT,64064.830000,64064.840000,1771977142614,1771977141317,1771977141317,88737,66,0
BTCUSDT,64064.830000,64071.550000,1771977142714,1771977141417,1771977141418,100154,199,0
BTCUSDT,64064.830000,64070.790000,1771977142816,1771977141520,1771977141520,102421,297,0
BTCUSDT,64054.760000,64099.980000,1771977142914,1771977141617,1771977141617,96915,91,0
BTCUSDT,64042.400000,64094.040000,1771977143014,1771977141717,1771977141717,100024,53,0
BTCUSDT,64057.970000,64081.100000,1771977143114,1771977141817,1771977141817,100287,85,0
BTCUSDT,64064.830000,64064.840000,1771977143214,1771977141917,1771977141918,100287,283,0
BTCUSDT,64064.830000,64064.840000,1771977143314,1771977142017,1771977142017,99744,252,0
BTCUSDT,64064.830000,64065.580000,1771977143415,1771977142119,1771977142119,101683,315,0
BTCUSDT,64064.830000,64067.080000,1771977143514,1771977142217,1771977142217,97988,47,0
BTCUSDT,57658.350000,64080.280000,1771977143614,1771977142317,1771977142317,100068,46,0
BTCUSDT,64058.570000,64097.160000,1771977143714,1771977142417,1771977142417,100359,241,0
BTCUSDT,64064.830000,64068.000000,1771977143814,1771977142518,1771977142518,100374,234,0
BTCUSDT,64064.830000,64064.840000,1771977143914,1771977142617,1771977142617,99362,202,0
BTCUSDT,64064.830000,64064.840000,1771977144014,1771977142717,1771977142717,99706,52,0
BTCUSDT,64058.150000,64140.190000,1771977144315,1771977143018,1771977143018,301058,66,0
BTCUSDT,64064.830000,64069.770000,1771977144415,1771977143118,1771977143118,100384,160,0
BTCUSDT,64064.820000,64064.840000,1771977144714,1771977143417,1771977143417,299147,65,0
BTCUSDT,64037.760000,64091.710000,1771977144814,1771977143517,1771977143517,99564,44,0
BTCUSDT,64064.830000,64071.440000,1771977145115,1771977143818,1771977143818,301406,50,0
BTCUSDT,64064.820000,64139.270000,1771977145214,1771977143917,1771977143917,98598,90,0
BTCUSDT,64064.000000,64080.770000,1771977145314,1771977144017,1771977144017,100343,149,0
BTCUSDT,64064.830000,64064.840000,1771977145414,1771977144117,1771977144118,100360,187,0
BTCUSDT,64059.440000,64078.490000,1771977145514,1771977144217,1771977144217,99441,100,0
BTCUSDT,64058.230000,64077.200000,1771977145614,1771977144317,1771977144317,99934,107,0
BTCUSDT,57658.350000,64071.430000,1771977145714,1771977144418,1771977144418,100904,159,0
BTCUSDT,64029.120000,64070.770000,1771977145814,1771977144517,1771977144518,99758,266,0
BTCUSDT,64064.830000,64064.840000,1771977145914,1771977144618,1771977144618,100294,352,0
BTCUSDT,64059.440000,64191.330000,1771977146014,1771977144717,1771977144717,99329,95,0
BTCUSDT,63552.310000,64071.660000,1771977146214,1771977144917,1771977144917,199691,45,0
BTCUSDT,64064.830000,64064.840000,1771977146314,1771977145017,1771977145017,100280,57,0
BTCUSDT,57658.350000,64064.840000,1771977146414,1771977145117,1771977145117,99669,47,0
BTCUSDT,64059.440000,64076.670000,1771977146614,1771977145317,1771977145317,200160,75,0
BTCUSDT,64064.830000,64064.840000,1771977146714,1771977145417,1771977145417,99701,52,0
BTCUSDT,64064.830000,64064.840000,1771977146814,1771977145517,1771977145517,100117,50,0
BTCUSDT,64064.830000,64064.840000,1771977146914,1771977145617,1771977145617,100069,53,0
BTCUSDT,64064.830000,64069.130000,1771977147014,1771977145717,1771977145717,99914,68,0
BTCUSDT,64064.830000,64068.020000,1771977147114,1771977145817,1771977145817,100473,63,0
BTCUSDT,57658.350000,64068.020000,1771977147215,1771977145918,1771977145918,100332,50,0
BTCUSDT,63995.580000,64069.120000,1771977147314,1771977146017,1771977146017,99431,65,0
BTCUSDT,64064.830000,64068.010000,1771977147414,1771977146117,1771977146118,100402,247,0
BTCUSDT,57658.350000,64064.840000,1771977147514,1771977146217,1771977146217,99408,109,0
BTCUSDT,64064.220000,64064.840000,1771977147614,1771977146317,1771977146317,100009,74,0
BTCUSDT,57658.350000,64064.840000,1771977147714,1771977146417,1771977146417,100222,53,0
BTCUSDT,64064.830000,64068.330000,1771977147814,1771977146517,1771977146517,100044,105,0
BTCUSDT,64011.790000,64064.840000,1771977147914,1771977146617,1771977146617,99999,80,0
BTCUSDT,64059.440000,64068.010000,1771977148015,1771977146718,1771977146719,101299,261,0
BTCUSDT,64058.640000,64067.990000,1771977148114,1771977146817,1771977146817,98725,88,0
BTCUSDT,57658.350000,64065.580000,1771977148214,1771977146917,1771977146917,99716,58,0
BTCUSDT,64058.050000,64064.840000,1771977148314,1771977147017,1771977147017,100202,85,0
BTCUSDT,64064.830000,64301.330000,1771977148414,1771977147117,1771977147117,99730,46,0
BTCUSDT,64009.750000,64434.980000,1771977148714,1771977147417,1771977147417,300507,111,0
BTCUSDT,64054.550000,64068.010000,1771977148814,1771977147517,1771977147517,99584,109,0
BTCUSDT,64032.770000,64068.000000,1771977148915,1771977147618,1771977147618,101165,224,0
BTCUSDT,64063.870000,64064.840000,1771977149014,1771977147717,1771977147718,99397,352,0
BTCUSDT,64064.830000,64065.580000,1771977149114,1771977147817,1771977147817,99525,92,0
BTCUSDT,64064.000000,64064.840000,1771977149214,1771977147917,1771977147918,100574,217,0
BTCUSDT,64058.820000,64068.010000,1771977149314,1771977148017,1771977148017,99497,185,0
BTCUSDT,64057.890000,64067.990000,1771977149416,1771977148119,1771977148119,102338,163,0
BTCUSDT,63957.780000,64065.580000,1771977149514,1771977148217,1771977148217,97234,48,0
BTCUSDT,64062.250000,64081.670000,1771977149614,1771977148317,1771977148317,100279,47,0
BTCUSDT,64064.830000,64064.840000,1771977149714,1771977148417,1771977148417,100158,53,0
BTCUSDT,64064.830000,64064.840000,1771977149814,1771977148517,1771977148517,100330,156,0
BTCUSDT,64063.650000,64121.460000,1771977149914,1771977148617,1771977148617,99205,66,0
BTCUSDT,64062.460000,64071.450000,1771977150114,1771977148818,1771977148818,201561,239,0
BTCUSDT,64043.060000,64064.840000,1771977150214,1771977148917,1771977148917,98437,50,0
BTCUSDT,63552.310000,64068.020000,1771977150314,1771977149017,1771977149017,100265,47,0
BTCUSDT,64064.830000,64069.090000,1771977150414,1771977149117,1771977149117,100059,59,0
BTCUSDT,64039.670000,64064.840000,1771977150515,1771977149217,1771977149217,100590,55,0
BTCUSDT,64063.640000,64068.010000,1771977150614,1771977149317,1771977149317,99210,55,0
BTCUSDT,64064.830000,64068.010000,1771977150714,1771977149417,1771977149417,100332,108,0
BTCUSDT,64063.730000,64068.010000,1771977150814,1771977149517,1771977149518,100526,151,0
BTCUSDT,64063.410000,64065.580000,1771977150914,1771977149617,1771977149617,99019,92,0
BTCUSDT,64059.440000,64065.580000,1771977151015,1771977149718,1771977149718,100988,72,0
BTCUSDT,57658.350000,64065.580000,1771977151114,1771977149817,1771977149817,99610,49,0
BTCUSDT,57658.350000,64064.840000,1771977151214,1771977149916,1771977149917,99382,55,0
BTCUSDT,64064.830000,64071.450000,1771977151314,1771977150017,1771977150017,100331,166,0
BTCUSDT,64057.780000,64089.190000,1771977151414,1771977150117,1771977150117,100358,53,0
BTCUSDT,64062.250000,64077.650000,1771977151514,1771977150217,1771977150217,99501,47,0
BTCUSDT,57658.350000,64069.100000,1771977151814,1771977150517,1771977150517,299881,73,0
BTCUSDT,64064.830000,64064.840000,1771977151915,1771977150618,1771977150619,101465,728,0
BTCUSDT,64064.830000,64064.840000,1771977152014,1771977150717,1771977150717,99001,444,0
BTCUSDT,64064.830000,64064.840000,1771977152114,1771977150817,1771977150817,99953,363,0
BTCUSDT,64064.830000,64064.840000,1771977152214,1771977150917,1771977150918,100317,915,0
BTCUSDT,64064.830000,64064.840000,1771977152314,1771977151017,1771977151018,99809,658,0
BTCUSDT,64064.830000,64064.840000,1771977152414,1771977151117,1771977151118,100310,356,0
BTCUSDT,64064.830000,64065.580000,1771977152514,1771977151217,1771977151217,99615,382,0
BTCUSDT,64064.010000,64065.090000,1771977152614,1771977151317,1771977151317,99821,224,0
BTCUSDT,63996.640000,64071.520000,1771977152714,1771977151417,1771977151417,100172,257,0
BTCUSDT,64061.910000,64072.650000,1771977152814,1771977151517,1771977151517,99838,53,0
BTCUSDT,64062.770000,64064.840000,1771977152914,1771977151617,1771977151617,99817,84,0
BTCUSDT,64059.430000,64064.840000,1771977153014,1771977151717,1771977151717,100408,85,0
BTCUSDT,64064.830000,64064.840000,1771977153115,1771977151817,1771977151817,100216,75,0
BTCUSDT,64066.710000,64064.840000,1771977153214,1771977151916,1771977151917,99161,176,0
BTCUSDT,64066.710000,64066.720000,1771977153314,1771977152017,1771977152017,100129,136,0
BTCUSDT,64066.710000,64066.720000,1771977153414,1771977152116,1771977152117,99835,80,0
BTCUSDT,64013.310000,64066.720000,1771977153514,1771977152217,1771977152217,100533,57,0
BTCUSDT,64066.720000,64066.720000,1771977153614,1771977152317,1771977152317,99724,111,0
BTCUSDT,64066.720000,64066.730000,1771977153714,1771977152416,1771977152416,99704,70,0
BTCUSDT,64066.710000,64066.730000,1771977153814,1771977152517,1771977152517,100239,66,0
BTCUSDT,64066.710000,64075.490000,1771977153914,1771977152617,1771977152617,100761,60,0
BTCUSDT,64066.660000,64066.730000,1771977154014,1771977152717,1771977152717,99319,69,0
BTCUSDT,64066.720000,64066.730000,1771977154114,1771977152816,1771977152816,99661,66,0
BTCUSDT,64066.730000,64066.730000,1771977154214,1771977152917,1771977152917,100291,73,0
BTCUSDT,64066.730000,64066.740000,1771977154314,1771977153017,1771977153017,100185,56,0
BTCUSDT,64066.720000,64066.740000,1771977154414,1771977153117,1771977153117,99859,56,0
BTCUSDT,64066.730000,64076.980000,1771977154514,1771977153217,1771977153217,99918,66,0
BTCUSDT,64066.740000,64066.740000,1771977154614,1771977153316,1771977153317,99794,126,0
BTCUSDT,64066.740000,64066.750000,1771977154714,1771977153416,1771977153416,99973,67,0
BTCUSDT,64066.740000,64068.340000,1771977154816,1771977153518,1771977153519,102087,45,0
BTCUSDT,57660.070000,64149.660000,1771977154914,1771977153617,1771977153617,98670,58,0
BTCUSDT,64065.740000,64104.650000,1771977155014,1771977153717,1771977153717,99359,75,0
BTCUSDT,64066.720000,64076.120000,1771977155114,1771977153817,1771977153817,100005,52,0
BTCUSDT,64072.960000,64066.750000,1771977155214,1771977153917,1771977153917,100076,223,0
BTCUSDT,64072.960000,64072.970000,1771977155314,1771977154017,1771977154017,100144,187,0
BTCUSDT,64072.960000,64072.970000,1771977155414,1771977154117,1771977154117,99832,87,0
BTCUSDT,64072.960000,64072.970000,1771977155514,1771977154216,1771977154216,99757,85,0
BTCUSDT,64072.960000,64072.970000,1771977155616,1771977154318,1771977154319,102092,111,0
BTCUSDT,64072.960000,64074.260000,1771977155714,1771977154417,1771977154417,98248,65,0
BTCUSDT,64072.940000,64073.030000,1771977155815,1771977154517,1771977154518,100785,62,0
BTCUSDT,64072.900000,64072.970000,1771977155914,1771977154617,1771977154617,99190,69,0
BTCUSDT,64072.940000,64072.970000,1771977156014,1771977154717,1771977154717,99848,86,0
BTCUSDT,64067.590000,64077.200000,1771977156114,1771977154817,1771977154817,100491,49,0
BTCUSDT,64072.960000,64075.350000,1771977156214,1771977154916,1771977154916,99282,55,0
BTCUSDT,64072.960000,64072.970000,1771977156314,1771977155017,1771977155017,100277,54,0
BTCUSDT,64057.340000,64074.710000,1771977156414,1771977155116,1771977155117,99918,58,0
BTCUSDT,64072.960000,64072.970000,1771977156616,1771977155318,1771977155318,201831,60,0
BTCUSDT,64072.960000,64072.970000,1771977156714,1771977155417,1771977155417,98465,65,0
BTCUSDT,64072.960000,64075.230000,1771977156814,1771977155517,1771977155517,99837,83,0
BTCUSDT,64070.000000,64091.250000,1771977157014,1771977155717,1771977155717,199972,71,0
BTCUSDT,64072.940000,64167.340000,1771977157114,1771977155816,1771977155816,99766,57,0
BTCUSDT,64057.110000,64079.250000,1771977157314,1771977156016,1771977156016,199993,79,0
BTCUSDT,63560.380000,64167.670000,1771977157414,1771977156117,1771977156117,100272,48,0
BTCUSDT,64072.940000,64072.970000,1771977157614,1771977156316,1771977156316,199762,50,0
BTCUSDT,64042.160000,64184.960000,1771977157914,1771977156617,1771977156617,300320,65,0
BTCUSDT,64067.580000,64290.750000,1771977158014,1771977156716,1771977156717,99739,77,0
BTCUSDT,63503.820000,64698.280000,1771977158114,1771977156817,1771977156817,100418,40,0
BTCUSDT,64072.940000,64091.250000,1771977158214,1771977156917,1771977156917,99813,49,0
BTCUSDT,64025.920000,64170.620000,1771977158314,1771977157016,1771977157016,99682,42,0
BTCUSDT,64067.570000,64078.360000,1771977158614,1771977157317,1771977157317,300501,68,0
BTCUSDT,64049.270000,66090.000000,1771977158914,1771977157617,1771977157617,299978,55,0
BTCUSDT,64042.160000,64072.970000,1771977159114,1771977157817,1771977157817,199784,57,0
BTCUSDT,64040.340000,64098.750000,1771977159214,1771977157917,1771977157917,100472,131,0
BTCUSDT,64072.960000,64072.970000,1771977159314,1771977158016,1771977158016,99116,135,0
BTCUSDT,64070.210000,64072.970000,1771977159414,1771977158117,1771977158117,100648,65,0
BTCUSDT,63560.380000,64072.970000,1771977159515,1771977158218,1771977158218,100845,47,0
BTCUSDT,64072.960000,64072.970000,1771977159614,1771977158317,1771977158317,98907,68,0
BTCUSDT,64072.960000,64072.970000,1771977159714,1771977158417,1771977158417,99937,190,0
BTCUSDT,64072.960000,64072.970000,1771977159814,1771977158517,1771977158517,100017,311,0
BTCUSDT,64072.960000,64072.970000,1771977159914,1771977158617,1771977158617,100578,321,0
BTCUSDT,64072.960000,64072.970000,1771977160014,1771977158716,1771977158717,99289,113,0
BTCUSDT,64072.960000,64078.240000,1771977160114,1771977158817,1771977158817,100223,59,0
BTCUSDT,64042.160000,64072.970000,1771977160214,1771977158916,1771977158916,99701,54,0
BTCUSDT,64061.930000,64078.240000,1771977160314,1771977159016,1771977159017,100092,68,0
BTCUSDT,64067.960000,64087.940000,1771977160414,1771977159116,1771977159116,99901,45,0
BTCUSDT,64071.230000,64072.970000,1771977160514,1771977159216,1771977159217,100087,105,0
BTCUSDT,64072.960000,64072.970000,1771977160614,1771977159316,1771977159316,99840,75,0
BTCUSDT,64072.960000,64078.240000,1771977160714,1771977159418,1771977159418,101389,53,0
BTCUSDT,64072.960000,64072.970000,1771977160814,1771977159517,1771977159517,99008,53,0
BTCUSDT,64068.560000,64072.970000,1771977160914,1771977159617,1771977159617,99926,62,0
BTCUSDT,64058.640000,64300.290000,1771977161014,1771977159717,1771977159717,100038,101,0
BTCUSDT,64072.960000,64090.190000,1771977161114,1771977159817,1771977159817,99902,43,0
BTCUSDT,64072.950000,64072.970000,1771977161315,1771977160018,1771977160018,201431,57,0
BTCUSDT,64072.960000,64073.430000,1771977161414,1771977160116,1771977160116,98362,53,0
BTCUSDT,64072.960000,64072.970000,1771977161514,1771977160217,1771977160217,100293,65,0
BTCUSDT,64072.960000,64252.180000,1771977161614,1771977160317,1771977160317,99897,59,0
BTCUSDT,64012.990000,64080.250000,1771977161814,1771977160517,1771977160517,200073,50,0
BTCUSDT,64072.960000,64072.970000,1771977161914,1771977160616,1771977160617,99834,70,0
BTCUSDT,63912.240000,64077.200000,1771977162015,1771977160718,1771977160718,101409,42,0
BTCUSDT,57665.670000,64073.020000,1771977162214,1771977160917,1771977160917,198740,72,0
BTCUSDT,64072.960000,64072.970000,1771977162314,1771977161017,1771977161017,100327,273,0
BTCUSDT,63918.270000,64236.100000,1771977162514,1771977161217,1771977161217,199832,66,0
BTCUSDT,63917.920000,64236.100000,1771977162814,1771977161516,1771977161517,299723,61,0
BTCUSDT,64022.130000,64130.590000,1771977163014,1771977161717,1771977161717,200071,155,0
BTCUSDT,64063.980000,64135.470000,1771977163314,1771977162016,1771977162016,299888,41,0
BTCUSDT,63971.940000,64072.970000,1771977163414,1771977162116,1771977162116,99909,46,0
BTCUSDT,64056.630000,64139.390000,1771977163514,1771977162216,1771977162216,100098,45,0
BTCUSDT,64072.960000,64072.970000,1771977164114,1771977162816,1771977162816,599908,42,0
BTCUSDT,57665.670000,64187.370000,1771977164315,1771977163017,1771977163017,200655,37,0
BTCUSDT,57665.670000,64072.970000,1771977164414,1771977163117,1771977163117,99657,63,0
BTCUSDT,63560.380000,64077.400000,1771977164514,1771977163217,1771977163217,99977,62,0
BTCUSDT,64053.860000,64206.980000,1771977164614,1771977163316,1771977163317,99790,77,0
BTCUSDT,64072.960000,64080.940000,1771977164814,1771977163516,1771977163516,199539,66,0
BTCUSDT,64021.780000,64072.970000,1771977165014,1771977163716,1771977163716,200439,61,0
BTCUSDT,64072.960000,64072.970000,1771977165214,1771977163916,1771977163916,199889,43,0
BTCUSDT,64072.940000,64075.560000,1771977165415,1771977164118,1771977164118,201711,48,0
BTCUSDT,64066.730000,64072.970000,1771977165514,1771977164217,1771977164217,98935,72,0
BTCUSDT,64072.960000,64079.160000,1771977165714,1771977164416,1771977164416,199371,55,0
BTCUSDT,64072.960000,64077.200000,1771977165815,1771977164518,1771977164518,101545,46,0
BTCUSDT,64072.940000,64073.430000,1771977166014,1771977164716,1771977164716,198280,70,0
BTCUSDT,64070.230000,64082.720000,1771977166114,1771977164816,1771977164816,100170,44,0
BTCUSDT,64072.940000,64072.970000,1771977166214,1771977164916,1771977164916,99972,46,0
BTCUSDT,57665.670000,64072.970000,1771977166314,1771977165016,1771977165016,100004,42,0
BTCUSDT,64072.960000,64110.990000,1771977166514,1771977165216,1771977165216,199928,78,0
BTCUSDT,64072.960000,64072.970000,1771977166714,1771977165416,1771977165417,200265,43,0
BTCUSDT,64072.960000,64072.970000,1771977166914,1771977165616,1771977165616,199903,100,0
BTCUSDT,64077.390000,64072.970000,1771977167014,1771977165717,1771977165717,100336,541,0
BTCUSDT,64077.390000,64077.400000,1771977167114,1771977165816,1771977165817,99723,142,0
BTCUSDT,64077.390000,64077.400000,1771977167214,1771977165916,1771977165916,99849,73,0
BTCUSDT,64077.390000,64077.400000,1771977167314,1771977166016,1771977166017,100201,51,0
BTCUSDT,64066.930000,64066.940000,1771977500814,1771977499514,1771977499514,0,15,0
BTCUSDT,64066.930000,64066.940000,1771977500914,1771977499614,1771977499614,100100,14,0
BTCUSDT,64066.930000,64066.940000,1771977501014,1771977499714,1771977499714,99904,26,0
BTCUSDT,64042.650000,64066.940000,1771977501114,1771977499814,1771977499814,99881,69,0
BTCUSDT,64034.330000,64066.940000,1771977501214,1771977499914,1771977499914,100252,112,0
BTCUSDT,64065.100000,64066.940000,1771977501314,1771977500014,1771977500014,99833,35,0
BTCUSDT,57660.240000,64066.940000,1771977501414,1771977500114,1771977500114,100032,22,0
BTCUSDT,64041.240000,64066.940000,1771977501514,1771977500213,1771977500213,99723,18,0
BTCUSDT,64066.930000,64066.940000,1771977501614,1771977500314,1771977500314,100239,25,0
BTCUSDT,64066.930000,64066.940000,1771977501714,1771977500414,1771977500414,100043,27,0
BTCUSDT,64066.930000,64066.940000,1771977501814,1771977500514,1771977500514,99904,33,0
BTCUSDT,64066.930000,64066.940000,1771977501914,1771977500614,1771977500614,100190,21,0
BTCUSDT,64033.010000,64066.940000,1771977502014,1771977500713,1771977500713,99493,16,0
BTCUSDT,64042.160000,64066.940000,1771977502114,1771977500813,1771977500813,100092,31,0
BTCUSDT,63554.390000,64076.490000,1771977502214,1771977500913,1771977500913,99909,23,0
BTCUSDT,64061.930000,64134.400000,1771977502314,1771977501013,1771977501013,99989,175,0
BTCUSDT,64015.640000,64068.300000,1771977502414,1771977501114,1771977501114,100286,105,0
BTCUSDT,64003.620000,64073.100000,1771977502514,1771977501214,1771977501214,100057,18,0
BTCUSDT,64066.930000,64171.510000,1771977502614,1771977501314,1771977501314,99914,18,0
BTCUSDT,57660.240000,64066.940000,1771977502714,1771977501413,1771977501413,99543,15,0
BTCUSDT,64066.930000,64066.940000,1771977502814,1771977501513,1771977501513,100265,18,0
BTCUSDT,64066.280000,64073.680000,1771977502914,1771977501613,1771977501613,99874,19,0
BTCUSDT,64066.930000,64073.100000,1771977503014,1771977501714,1771977501714,100509,21,0
BTCUSDT,64066.930000,64068.770000,1771977503114,1771977501814,1771977501814,99798,36,0
BTCUSDT,63920.700000,64066.940000,1771977503214,1771977501914,1771977501914,100633,56,0
BTCUSDT,64061.930000,64066.940000,1771977503314,1771977502013,1771977502013,99233,24,0
BTCUSDT,64066.930000,64066.940000,1771977503414,1771977502113,1771977502114,100110,20,0
BTCUSDT,64066.930000,64066.940000,1771977503514,1771977502214,1771977502214,100169,22,0
BTCUSDT,64066.930000,64066.940000,1771977503614,1771977502314,1771977502314,100146,17,0
BTCUSDT,64066.930000,64090.810000,1771977503714,1771977502414,1771977502414,99830,17,0
BTCUSDT,64061.770000,64088.010000,1771977503814,1771977502514,1771977502514,99913,15,0
BTCUSDT,64066.930000,64071.670000,1771977503914,1771977502613,1771977502613,99659,17,0
BTCUSDT,64066.930000,64066.940000,1771977504015,1771977502715,1771977502715,101395,19,0
BTCUSDT,64066.930000,64068.770000,1771977504114,1771977502814,1771977502814,99084,16,0
BTCUSDT,64066.930000,64066.940000,1771977504314,1771977503014,1771977503014,200190,81,0
BTCUSDT,64066.930000,64071.660000,1771977504414,1771977503114,1771977503114,99898,38,0
BTCUSDT,64065.340000,64066.940000,1771977504514,1771977503214,1771977503214,99890,36,0
BTCUSDT,64066.930000,64066.940000,1771977504614,1771977503313,1771977503313,99695,24,0
BTCUSDT,64066.930000,64066.940000,1771977504714,1771977503414,1771977503414,100351,20,0
BTCUSDT,64066.930000,64066.940000,1771977504815,1771977503514,1771977503514,100718,17,0
BTCUSDT,64066.930000,64066.940000,1771977505014,1771977503713,1771977503713,198909,17,0
BTCUSDT,64066.930000,64066.940000,1771977505114,1771977503813,1771977503813,99791,15,0
BTCUSDT,64066.930000,64071.660000,1771977505214,1771977503914,1771977503914,100579,26,0
BTCUSDT,64066.930000,64066.940000,1771977505314,1771977504013,1771977504013,99717,34,0
BTCUSDT,64061.670000,64069.520000,1771977505415,1771977504114,1771977504114,100833,25,0
BTCUSDT,64066.930000,64066.940000,1771977505514,1771977504213,1771977504213,99115,29,0
BTCUSDT,64061.380000,64071.660000,1771977505614,1771977504314,1771977504314,100244,15,0
BTCUSDT,64066.930000,64072.460000,1771977505814,1771977504513,1771977504513,199565,15,0
BTCUSDT,64066.930000,64066.940000,1771977506114,1771977504814,1771977504814,300329,23,0
BTCUSDT,64066.930000,64066.940000,1771977506214,1771977504913,1771977504913,99524,24,0
BTCUSDT,64066.930000,64066.940000,1771977506314,1771977505014,1771977505014,100493,25,0
BTCUSDT,64066.930000,64066.940000,1771977506414,1771977505113,1771977505113,99784,33,0
BTCUSDT,64066.930000,64066.940000,1771977506514,1771977505213,1771977505213,99853,23,0
BTCUSDT,64066.930000,64154.080000,1771977506614,1771977505313,1771977505313,100206,22,0
BTCUSDT,64065.100000,64072.260000,1771977506714,1771977505413,1771977505414,100118,16,0
BTCUSDT,64061.350000,64083.700000,1771977506814,1771977505513,1771977505513,99617,14,0
BTCUSDT,64066.930000,64073.950000,1771977506914,1771977505614,1771977505614,100520,24,0
BTCUSDT,64061.620000,64072.240000,1771977507014,1771977505713,1771977505713,99416,16,0
BTCUSDT,64066.930000,64148.200000,1771977507114,1771977505814,1771977505814,100470,31,0
BTCUSDT,64063.450000,64095.450000,1771977507214,1771977505913,1771977505913,99715,20,0
BTCUSDT,64062.810000,64066.940000,1771977507315,1771977506014,1771977506014,100702,19,0
BTCUSDT,64042.160000,64284.310000,1771977507514,1771977506213,1771977506214,199557,21,0
BTCUSDT,64066.930000,64066.940000,1771977507614,1771977506313,1771977506313,99685,37,0
BTCUSDT,64066.930000,64066.940000,1771977507714,1771977506413,1771977506414,100309,144,0
BTCUSDT,64066.930000,64067.570000,1771977507814,1771977506514,1771977506514,100062,141,0
BTCUSDT,64066.930000,64066.940000,1771977507914,1771977506613,1771977506613,99840,43,0
BTCUSDT,64066.930000,64066.940000,1771977508014,1771977506714,1771977506714,100317,35,0
BTCUSDT,64066.930000,64069.530000,1771977508114,1771977506813,1771977506813,99691,42,0
BTCUSDT,64066.930000,64068.770000,1771977508214,1771977506913,1771977506913,99982,30,0
BTCUSDT,64066.930000,64070.500000,1771977508314,1771977507013,1771977507013,99728,22,0
BTCUSDT,64066.930000,64069.530000,1771977508414,1771977507114,1771977507114,100599,32,0
BTCUSDT,64066.930000,64071.780000,1771977508514,1771977507214,1771977507214,99838,74,0
BTCUSDT,64066.930000,64079.720000,1771977508614,1771977507313,1771977507313,99602,167,0
BTCUSDT,64066.930000,64067.080000,1771977508714,1771977507414,1771977507414,100376,30,0
BTCUSDT,64066.930000,64073.170000,1771977508814,1771977507513,1771977507513,99885,20,0
BTCUSDT,64066.930000,64066.940000,1771977508914,1771977507613,1771977507613,99993,25,0
BTCUSDT,64063.090000,64066.940000,1771977509014,1771977507713,1771977507713,99688,19,0
BTCUSDT,64066.930000,64120.560000,1771977509114,1771977507813,1771977507813,100344,21,0
BTCUSDT,64066.920000,64075.410000,1771977509214,1771977507913,1771977507914,100037,23,0
BTCUSDT,64066.930000,64066.940000,1771977509314,1771977508013,1771977508013,99866,64,0
BTCUSDT,64066.930000,64100.000000,1771977509414,1771977508114,1771977508114,100346,27,0
BTCUSDT,64066.930000,64095.330000,1771977509614,1771977508314,1771977508314,199938,13,0
BTCUSDT,64048.380000,64088.600000,1771977509714,1771977508413,1771977508413,99646,19,0
BTCUSDT,64061.640000,64072.230000,1771977509814,1771977508513,1771977508513,99971,15,0
BTCUSDT,57660.240000,64128.170000,1771977509914,1771977508613,1771977508613,99936,12,0
BTCUSDT,57660.240000,64066.940000,1771977510014,1771977508713,1771977508713,99841,12,0
BTCUSDT,57660.240000,64091.300000,1771977510114,1771977508813,1771977508813,100126,14,0
BTCUSDT,64062.120000,64106.980000,1771977510314,1771977509013,1771977509013,200074,14,0
BTCUSDT,63554.390000,64067.570000,1771977510414,1771977509113,1771977509113,99889,21,0
BTCUSDT,63999.240000,64066.940000,1771977510514,1771977509213,1771977509213,99859,25,0
BTCUSDT,64061.640000,64066.940000,1771977510614,1771977509313,1771977509313,100258,23,0
BTCUSDT,57660.240000,64100.000000,1771977510714,1771977509413,1771977509413,99771,21,0
BTCUSDT,57660.240000,64071.280000,1771977510815,1771977509515,1771977509515,101564,16,0
BTCUSDT,64066.930000,64066.940000,1771977511015,1771977509714,1771977509714,199732,26,0
BTCUSDT,57660.240000,64136.050000,1771977511114,1771977509813,1771977509813,98806,181,0
BTCUSDT,64012.630000,64121.430000,1771977511214,1771977509913,1771977509913,99974,32,0
BTCUSDT,64056.920000,64079.760000,1771977511314,1771977510013,1771977510013,100212,76,0
BTCUSDT,64066.930000,64070.780000,1771977511414,1771977510114,1771977510114,100268,60,0
BTCUSDT,64066.930000,64066.950000,1771977511514,1771977510213,1771977510213,99349,23,0
BTCUSDT,64063.440000,64066.940000,1771977511614,1771977510314,1771977510314,100603,17,0
BTCUSDT,64066.930000,64066.940000,1771977511714,1771977510413,1771977510413,99725,34,0
BTCUSDT,64060.870000,64188.330000,1771977511814,1771977510513,1771977510514,100251,14,0
BTCUSDT,57660.240000,64072.650000,1771977511914,1771977510613,1771977510613,99892,27,0
BTCUSDT,57660.240000,64098.580000,1771977512015,1771977510714,1771977510714,100340,15,0
BTCUSDT,64066.930000,64204.670000,1771977512114,1771977510813,1771977510813,99749,23,0
BTCUSDT,64066.930000,64066.940000,1771977512215,1771977510914,1771977510914,100323,34,0
BTCUSDT,64066.930000,64066.940000,1771977512314,1771977511013,1771977511013,99440,24,0
BTCUSDT,64061.450000,64218.950000,1771977512415,1771977511114,1771977511114,100301,15,0
BTCUSDT,63999.240000,64066.940000,1771977512514,1771977511213,1771977511213,99330,21,0
BTCUSDT,57660.240000,64086.450000,1771977512615,1771977511314,1771977511314,100850,19,0
BTCUSDT,63993.040000,64131.390000,1771977512714,1771977511413,1771977511413,99185,13,0
BTCUSDT,64062.970000,64066.940000,1771977512815,1771977511514,1771977511514,100783,18,0
BTCUSDT,64066.930000,64066.940000,1771977512914,1771977511613,1771977511613,99378,25,0
BTCUSDT,64066.920000,64066.940000,1771977513114,1771977511814,1771977511814,200603,26,0
BTCUSDT,64066.930000,64067.560000,1771977513214,1771977511913,1771977511913,99418,100,0
BTCUSDT,64066.930000,64067.000000,1771977513314,1771977512013,1771977512013,99864,18,0
BTCUSDT,64066.930000,64068.330000,1771977513414,1771977512113,1771977512113,100102,17,0
BTCUSDT,64066.930000,64067.890000,1771977513514,1771977512213,1771977512213,100152,31,0
BTCUSDT,64066.930000,64072.210000,1771977513614,1771977512314,1771977512314,100418,18,0
BTCUSDT,64066.930000,64066.940000,1771977513714,1771977512413,1771977512413,99506,41,0
BTCUSDT,64066.930000,64066.940000,1771977513814,1771977512513,1771977512513,100013,47,0
BTCUSDT,64064.410000,64066.940000,1771977513914,1771977512613,1771977512614,100341,21,0
BTCUSDT,64066.960000,64066.940000,1771977514014,1771977512713,1771977512713,99687,32,0
BTCUSDT,64066.960000,64066.970000,1771977514114,1771977512813,1771977512813,99962,41,0
BTCUSDT,64066.960000,64066.970000,1771977514216,1771977512915,1771977512915,101612,25,0
BTCUSDT,64066.380000,64066.970000,1771977514314,1771977513013,1771977513013,98040,17,0
BTCUSDT,64066.960000,64066.970000,1771977514415,1771977513114,1771977513114,101097,23,0
BTCUSDT,64066.960000,64066.970000,1771977514514,1771977513213,1771977513213,99055,20,0
BTCUSDT,64066.960000,64066.970000,1771977514714,1771977513414,1771977513414,200768,15,0
BTCUSDT,64062.620000,64066.970000,1771977514815,1771977513514,1771977513514,100147,24,0
BTCUSDT,64061.840000,64066.970000,1771977514914,1771977513614,1771977513614,100127,54,0
BTCUSDT,64061.840000,64148.650000,1771977515014,1771977513713,1771977513713,99203,16,0
BTCUSDT,57660.270000,64066.970000,1771977515114,1771977513813,1771977513813,99764,17,0
BTCUSDT,64066.960000,64066.970000,1771977515214,1771977513913,1771977513913,100299,68,0
BTCUSDT,64069.510000,64066.970000,1771977515314,1771977514013,1771977514014,100186,109,0
BTCUSDT,64069.510000,64069.520000,1771977515414,1771977514113,1771977514113,99623,47,0
BTCUSDT,64069.510000,64069.520000,1771977515514,1771977514213,1771977514213,100096,25,0
BTCUSDT,64069.510000,64069.520000,1771977515614,1771977514313,1771977514313,100238,20,0
BTCUSDT,64069.510000,64069.520000,1771977515715,1771977514414,1771977514414,100788,27,0
BTCUSDT,64066.960000,64071.500000,1771977515814,1771977514513,1771977514513,99137,33,0
BTCUSDT,64069.450000,64069.520000,1771977515914,1771977514613,1771977514613,100086,18,0
BTCUSDT,64069.510000,64069.520000,1771977516014,1771977514714,1771977514714,100151,58,0
BTCUSDT,63874.490000,64069.520000,1771977516114,1771977514813,1771977514813,99407,15,0
BTCUSDT,64069.510000,64069.520000,1771977516214,1771977514913,1771977514913,99981,16,0
BTCUSDT,64044.860000,64069.520000,1771977516314,1771977515013,1771977515014,100531,15,0
BTCUSDT,64057.730000,64069.830000,1771977516415,1771977515114,1771977515114,100715,14,0
BTCUSDT,64069.500000,64069.520000,1771977516514,1771977515213,1771977515213,99057,23,0
BTCUSDT,64066.980000,64069.520000,1771977516614,1771977515313,1771977515313,99824,22,0
BTCUSDT,64069.510000,64069.520000,1771977516714,1771977515413,1771977515413,99837,16,0
BTCUSDT,64069.520000,64069.520000,1771977516814,1771977515513,1771977515513,100444,25,0
BTCUSDT,64069.520000,64069.530000,1771977516914,1771977515613,1771977515613,99556,18,0
BTCUSDT,64069.520000,64069.530000,1771977517014,1771977515713,1771977515713,100013,18,0
BTCUSDT,64069.520000,64069.530000,1771977517114,1771977515813,1771977515813,100381,16,0
BTCUSDT,63990.060000,64086.980000,1771977517214,1771977515913,1771977515914,100181,14,0
BTCUSDT,63951.010000,64075.940000,1771977517314,1771977516013,1771977516013,99595,14,0
BTCUSDT,64069.520000,64075.280000,1771977517414,1771977516113,1771977516113,100234,18,0
BTCUSDT,64069.520000,64069.530000,1771977517514,1771977516213,1771977516213,100126,39,0
BTCUSDT,64069.360000,64069.530000,1771977517614,1771977516313,1771977516313,99576,30,0
BTCUSDT,64074.490000,64069.530000,1771977517714,1771977516413,1771977516413,100234,112,0
BTCUSDT,64074.490000,64074.500000,1771977517814,1771977516513,1771977516513,100196,33,0
BTCUSDT,64074.490000,64074.500000,1771977517914,1771977516613,1771977516613,99487,22,0
BTCUSDT,64071.560000,64074.500000,1771977518014,1771977516713,1771977516713,100014,20,0
BTCUSDT,64069.520000,64080.620000,1771977518114,1771977516813,1771977516813,100138,17,0
BTCUSDT,64074.490000,64074.500000,1771977518214,1771977516913,1771977516913,100068,56,0
BTCUSDT,64074.490000,64074.500000,1771977518314,1771977517013,1771977517013,100298,16,0
BTCUSDT,64067.580000,64182.410000,1771977518414,1771977517113,1771977517113,99941,15,0
BTCUSDT,64067.260000,64076.630000,1771977518514,1771977517213,1771977517213,99443,15,0
BTCUSDT,64074.470000,64362.930000,1771977518614,1771977517313,1771977517313,100031,15,0
BTCUSDT,64024.600000,64104.660000,1771977518714,1771977517413,1771977517413,99884,14,0
BTCUSDT,64070.000000,64074.500000,1771977518814,1771977517513,1771977517513,100356,18,0
BTCUSDT,64074.490000,64084.950000,1771977518914,1771977517613,1771977517613,100288,14,0
BTCUSDT,64074.470000,64100.000000,1771977519114,1771977517813,1771977517813,199570,14,0
BTCUSDT,64074.480000,64074.500000,1771977519414,1771977518113,1771977518113,299914,37,0
BTCUSDT,64072.000000,64074.500000,1771977519514,1771977518213,1771977518213,100088,26,0
BTCUSDT,64074.470000,64079.740000,1771977519614,1771977518314,1771977518314,100718,50,0
BTCUSDT,57667.050000,64074.500000,1771977519814,1771977518513,1771977518513,199648,19,0
BTCUSDT,64056.480000,64074.500000,1771977519914,1771977518613,1771977518613,99689,26,0
BTCUSDT,64037.370000,64074.500000,1771977520014,1771977518713,1771977518713,100381,20,0
BTCUSDT,64074.490000,64074.500000,1771977520114,1771977518813,1771977518813,99543,23,0
BTCUSDT,64074.470000,64074.500000,1771977520214,1771977518913,1771977518913,100427,18,0
BTCUSDT,64074.490000,64074.500000,1771977520316,1771977519015,1771977519015,101694,21,0
BTCUSDT,64074.490000,64163.870000,1771977520415,1771977519113,1771977519114,98400,16,0
BTCUSDT,64072.140000,64074.500000,1771977520514,1771977519213,1771977519213,99589,20,0
BTCUSDT,64074.470000,64074.500000,1771977520614,1771977519313,1771977519313,99770,17,0
BTCUSDT,64074.470000,64078.190000,1771977520714,1771977519413,1771977519413,100181,28,0
BTCUSDT,64074.480000,64074.500000,1771977520814,1771977519513,1771977519513,100165,47,0
BTCUSDT,64074.490000,64074.500000,1771977520914,1771977519613,1771977519613,99700,31,0
BTCUSDT,64074.490000,64074.500000,1771977521014,1771977519713,1771977519713,100452,29,0
BTCUSDT,64074.490000,64074.500000,1771977521114,1771977519813,1771977519813,99860,22,0
BTCUSDT,64074.480000,64074.500000,1771977521214,1771977519913,1771977519913,100047,17,0
BTCUSDT,64042.540000,64074.500000,1771977521314,1771977520013,1771977520013,99705,116,0
BTCUSDT,64065.210000,64084.950000,1771977521415,1771977520114,1771977520114,100673,15,0
BTCUSDT,63994.420000,64074.500000,1771977521514,1771977520213,1771977520213,99743,18,0
BTCUSDT,64069.260000,64075.990000,1771977521617,1771977520316,1771977520316,102489,19,0
BTCUSDT,57667.050000,64078.670000,1771977521714,1771977520413,1771977520413,97073,15,0
BTCUSDT,57667.050000,64074.500000,1771977521814,1771977520513,1771977520513,100447,17,0
BTCUSDT,64074.490000,64078.190000,1771977521914,1771977520613,1771977520613,99891,14,0
BTCUSDT,64074.490000,64074.500000,1771977522014,1771977520713,1771977520713,99922,20,0
BTCUSDT,57667.050000,64139.390000,1771977522114,1771977520813,1771977520813,100098,16,0
BTCUSDT,57667.050000,64074.500000,1771977522214,1771977520913,1771977520913,99508,14,0
BTCUSDT,64069.950000,64074.500000,1771977522314,1771977521013,1771977521013,100378,16,0
BTCUSDT,64042.160000,64117.590000,1771977522514,1771977521213,1771977521214,200151,163,0
BTCUSDT,64074.490000,64074.500000,1771977522614,1771977521314,1771977521314,100759,30,0
BTCUSDT,57667.050000,64074.500000,1771977522715,1771977521413,1771977521413,99296,16,0
BTCUSDT,64074.490000,64074.500000,1771977522915,1771977521614,1771977521614,201032,17,0
BTCUSDT,64074.490000,64074.500000,1771977523314,1771977522013,1771977522013,398924,35,0
BTCUSDT,64073.170000,64075.890000,1771977523414,1771977522113,1771977522113,99610,23,0
BTCUSDT,64042.160000,64074.500000,1771977523514,1771977522213,1771977522213,99973,23,0
BTCUSDT,63561.890000,64076.780000,1771977523614,1771977522313,1771977522313,100115,27,0
BTCUSDT,57667.050000,64074.500000,1771977523714,1771977522413,1771977522413,100349,27,0
BTCUSDT,57667.050000,64098.380000,1771977523814,1771977522513,1771977522513,99490,22,0
BTCUSDT,57667.050000,64098.380000,1771977523914,1771977522613,1771977522613,99923,13,0
BTCUSDT,64065.330000,64086.930000,1771977524114,1771977522813,1771977522813,199993,15,0
BTCUSDT,64074.490000,64084.950000,1771977524214,1771977522913,1771977522913,100336,15,0
BTCUSDT,61000.000000,64157.550000,1771977524314,1771977523013,1771977523013,100225,15,0
BTCUSDT,57667.050000,64098.380000,1771977524414,1771977523113,1771977523113,99428,15,0
BTCUSDT,64074.480000,64087.100000,1771977524614,1771977523313,1771977523313,200463,24,0
BTCUSDT,64072.010000,64074.500000,1771977524714,1771977523413,1771977523413,99522,19,0
BTCUSDT,64072.150000,64075.890000,1771977524815,1771977523514,1771977523514,101160,21,0
BTCUSDT,57667.050000,64131.390000,1771977524914,1771977523613,1771977523613,99275,16,0
BTCUSDT,64074.480000,64084.500000,1771977525114,1771977523813,1771977523813,199579,17,0
BTCUSDT,57667.050000,64101.400000,1771977525314,1771977524013,1771977524013,200009,14,0
BTCUSDT,64074.490000,64084.950000,1771977525414,1771977524113,1771977524113,100012,16,0
BTCUSDT,63561.890000,70481.950000,1771977525515,1771977524214,1771977524214,101606,19,0
BTCUSDT,64074.480000,64101.680000,1771977525814,1771977524513,1771977524513,298526,17,0
BTCUSDT,57667.050000,64074.500000,1771977525914,1771977524613,1771977524613,99965,24,0
BTCUSDT,64074.480000,64203.360000,1771977526114,1771977524813,1771977524813,199908,14,0
BTCUSDT,64074.490000,64084.950000,1771977526214,1771977524913,1771977524913,100436,17,0
BTCUSDT,64015.140000,64074.500000,1771977526614,1771977525313,1771977525313,399670,21,0
BTCUSDT,64074.480000,64222.710000,1771977526716,1771977525415,1771977525415,101900,22,0
BTCUSDT,63486.660000,64680.800000,1771977526815,1771977525513,1771977525513,98627,16,0
BTCUSDT,63922.000000,64074.500000,1771977527014,1771977525713,1771977525713,199470,17,0
BTCUSDT,57667.050000,64082.400000,1771977527114,1771977525813,1771977525813,100390,14,0
BTCUSDT,64074.480000,64082.410000,1771977527214,1771977525913,1771977525913,100089,46,0
BTCUSDT,64024.490000,64074.500000,1771977527414,1771977526113,1771977526113,199527,47,0
BTCUSDT,64074.480000,64074.500000,1771977527514,1771977526213,1771977526213,100432,42,0
BTCUSDT,64074.490000,64074.500000,1771977527614,1771977526313,1771977526313,99878,44,0
BTCUSDT,64074.490000,64074.500000,1771977527715,1771977526414,1771977526415,101241,24,0
BTCUSDT,62330.000000,64074.640000,1771977527814,1771977526513,1771977526513,98308,17,0
BTCUSDT,63972.610000,64074.500000,1771977527914,1771977526613,1771977526613,100007,17,0
BTCUSDT,57667.050000,64081.900000,1771977528014,1771977526713,1771977526713,100181,30,0
BTCUSDT,64073.440000,64074.500000,1771977528114,1771977526813,1771977526813,100004,24,0
BTCUSDT,64074.480000,64081.900000,1771977528214,1771977526913,1771977526913,100421,27,0
BTCUSDT,64048.230000,64074.500000,1771977528314,1771977527013,1771977527013,99808,24,0
BTCUSDT,64066.710000,64076.630000,1771977528514,1771977527213,1771977527213,200181,22,0
BTCUSDT,57667.050000,64081.900000,1771977528614,1771977527313,1771977527313,99335,15,0
BTCUSDT,64074.470000,64101.380000,1771977528714,1771977527413,1771977527413,100592,25,0
BTCUSDT,57667.050000,64084.950000,1771977528914,1771977527613,1771977527613,199395,13,0
BTCUSDT,64074.490000,64074.500000,1771977529114,1771977527813,1771977527813,200272,35,0
BTCUSDT,64074.490000,64074.500000,1771977529214,1771977527913,1771977527913,100061,24,0
BTCUSDT,64031.830000,64034.250000,1771977562614,1771977561309,1771977561309,0,14,0
BTCUSDT,64034.240000,64038.000000,1771977562714,1771977561409,1771977561409,100603,34,0
BTCUSDT,64034.240000,64038.000000,1771977562816,1771977561511,1771977561511,101991,14,0
BTCUSDT,64034.240000,64045.100000,1771977562915,1771977561610,1771977561610,98829,12,0
BTCUSDT,64028.800000,64037.120000,1771977563114,1771977561809,1771977561809,198656,12,0
BTCUSDT,64027.130000,64034.250000,1771977563314,1771977562009,1771977562009,200085,14,0
BTCUSDT,64026.120000,64035.850000,1771977563414,1771977562109,1771977562109,100177,24,0
BTCUSDT,64024.770000,64100.000000,1771977563514,1771977562209,1771977562209,100035,45,0
BTCUSDT,64034.240000,64034.250000,1771977563614,1771977562309,1771977562309,99594,28,0
BTCUSDT,64027.130000,64034.250000,1771977563714,1771977562409,1771977562409,100462,46,0
BTCUSDT,63978.740000,64034.250000,1771977563814,1771977562509,1771977562509,99986,34,0
BTCUSDT,64034.240000,64034.250000,1771977563914,1771977562609,1771977562609,99562,18,0
BTCUSDT,64034.240000,64034.250000,1771977564014,1771977562709,1771977562709,100130,15,0
BTCUSDT,64034.240000,64034.550000,1771977564114,1771977562809,1771977562809,100178,15,0
BTCUSDT,64028.800000,64172.000000,1771977564214,1771977562909,1771977562909,99571,15,0
BTCUSDT,57630.820000,64048.560000,1771977564414,1771977563109,1771977563109,200515,46,0
BTCUSDT,63951.850000,64034.250000,1771977564614,1771977563309,1771977563309,199657,15,0
BTCUSDT,64034.240000,64037.730000,1771977564714,1771977563409,1771977563409,99954,14,0
BTCUSDT,64033.200000,64034.250000,1771977564816,1771977563511,1771977563511,102423,54,0
BTCUSDT,64028.800000,64034.250000,1771977565114,1771977563809,1771977563809,297790,15,0
BTCUSDT,64034.240000,64034.250000,1771977565214,1771977563909,1771977563909,99914,41,0
BTCUSDT,64032.970000,64034.250000,1771977565314,1771977564009,1771977564009,99819,21,0
BTCUSDT,64034.240000,64034.250000,1771977565414,1771977564109,1771977564109,100015,23,0
BTCUSDT,60050.000000,64034.250000,1771977565514,1771977564209,1771977564209,100119,15,0
BTCUSDT,64034.240000,64034.250000,1771977565614,1771977564309,1771977564309,100357,20,0
BTCUSDT,64034.240000,64034.250000,1771977565714,1771977564409,1771977564409,99945,21,0
BTCUSDT,64028.810000,64034.250000,1771977565814,1771977564509,1771977564509,99510,18,0
BTCUSDT,64029.050000,64034.250000,1771977566014,1771977564709,1771977564709,200043,14,0
BTCUSDT,57630.820000,64042.250000,1771977566114,1771977564809,1771977564809,100161,14,0
BTCUSDT,63838.820000,64034.250000,1771977566214,1771977564909,1771977564909,99913,16,0
BTCUSDT,64029.050000,64039.830000,1771977566314,1771977565009,1771977565009,99889,15,0
BTCUSDT,64034.240000,64034.250000,1771977566514,1771977565209,1771977565209,200270,14,0
BTCUSDT,64034.240000,64034.250000,1771977566614,1771977565309,1771977565309,99909,16,0
BTCUSDT,64034.240000,64034.250000,1771977566714,1771977565409,1771977565409,100289,57,0
BTCUSDT,64024.770000,64034.250000,1771977566814,1771977565509,1771977565509,99552,21,0
BTCUSDT,64033.200000,64037.110000,1771977566914,1771977565609,1771977565609,100058,15,0
BTCUSDT,64029.050000,64034.250000,1771977567014,1771977565709,1771977565709,100006,16,0
BTCUSDT,64034.240000,64035.850000,1771977567114,1771977565809,1771977565809,100357,16,0
BTCUSDT,63906.170000,64167.730000,1771977567214,1771977565909,1771977565909,99770,14,0
BTCUSDT,63860.620000,64037.110000,1771977567314,1771977566009,1771977566009,100316,14,0
BTCUSDT,64034.240000,64034.250000,1771977567514,1771977566209,1771977566209,200028,15,0
BTCUSDT,64027.810000,64034.250000,1771977567614,1771977566309,1771977566309,99949,14,0
BTCUSDT,64034.240000,64037.110000,1771977567714,1771977566409,1771977566409,99781,15,0
BTCUSDT,64034.240000,64035.360000,1771977567814,1771977566509,1771977566509,99828,19,0
BTCUSDT,64034.240000,64036.130000,1771977568015,1771977566710,1771977566710,201208,17,0
BTCUSDT,63451.940000,64035.850000,1771977568114,1771977566809,1771977566809,99003,16,0
BTCUSDT,63521.970000,64034.250000,1771977568214,1771977566909,1771977566909,99977,17,0
BTCUSDT,64034.240000,64037.110000,1771977568314,1771977567009,1771977567009,99820,14,0
BTCUSDT,64034.240000,64038.000000,1771977568414,1771977567109,1771977567109,99869,14,0
BTCUSDT,64034.000000,64037.110000,1771977568514,1771977567209,1771977567209,100379,52,0
BTCUSDT,64034.240000,64038.000000,1771977568614,1771977567309,1771977567309,99804,166,0
BTCUSDT,63973.610000,64257.840000,1771977568815,1771977567510,1771977567510,200750,23,0
BTCUSDT,64034.240000,64034.250000,1771977568914,1771977567609,1771977567609,99215,22,0
BTCUSDT,64029.050000,64034.250000,1771977569014,1771977567709,1771977567709,99853,14,0
BTCUSDT,64034.240000,64101.160000,1771977569214,1771977567909,1771977567909,199985,15,0
BTCUSDT,64033.680000,64040.620000,1771977569415,1771977568110,1771977568110,201070,41,0
BTCUSDT,64034.240000,64034.250000,1771977569614,1771977568309,1771977568309,199173,13,0
BTCUSDT,64034.240000,64037.740000,1771977569714,1771977568409,1771977568409,99711,14,0
BTCUSDT,63904.320000,64034.250000,1771977569914,1771977568609,1771977568609,200341,41,0
BTCUSDT,64034.240000,64041.020000,1771977570214,1771977568909,1771977568909,300304,43,0
BTCUSDT,64029.040000,64034.250000,1771977570315,1771977569009,1771977569009,100105,23,0
BTCUSDT,64027.770000,64079.840000,1771977570415,1771977569110,1771977569110,100176,31,0
BTCUSDT,64011.670000,64079.980000,1771977570514,1771977569208,1771977569209,98971,14,0
BTCUSDT,64028.880000,64034.250000,1771977570614,1771977569309,1771977569309,100113,27,0
BTCUSDT,64034.240000,64035.850000,1771977570714,1771977569409,1771977569409,100417,44,0
BTCUSDT,64032.920000,64034.250000,1771977570814,1771977569509,1771977569509,100158,25,0
BTCUSDT,64029.050000,64034.250000,1771977570914,1771977569608,1771977569609,99300,40,0
BTCUSDT,64034.240000,64037.110000,1771977571014,1771977569709,1771977569709,100130,14,0
BTCUSDT,63950.380000,64034.740000,1771977571315,1771977570010,1771977570010,300935,14,0
BTCUSDT,63521.970000,64034.250000,1771977571414,1771977570109,1771977570109,99214,15,0
BTCUSDT,64027.840000,64037.110000,1771977571514,1771977570209,1771977570209,99763,13,0
BTCUSDT,64034.240000,64034.250000,1771977571615,1771977570309,1771977570309,100865,16,0
BTCUSDT,64032.970000,64034.250000,1771977571715,1771977570410,1771977570410,100145,15,0
BTCUSDT,64034.240000,64034.300000,1771977571814,1771977570509,1771977570509,99091,22,0
BTCUSDT,64034.240000,64034.300000,1771977571914,1771977570609,1771977570609,99987,25,0
BTCUSDT,64034.240000,64034.250000,1771977572014,1771977570709,1771977570709,100234,28,0
BTCUSDT,64028.880000,64034.300000,1771977572114,1771977570808,1771977570809,99634,15,0
BTCUSDT,64034.240000,64035.500000,1771977572214,1771977570909,1771977570909,100697,32,0
BTCUSDT,64034.240000,64034.280000,1771977572314,1771977571009,1771977571009,99960,55,0
BTCUSDT,64034.240000,64034.250000,1771977572414,1771977571112,1771977571112,103260,53,0
BTCUSDT,64034.240000,64034.250000,1771977572514,1771977571209,1771977571209,96581,114,0
BTCUSDT,64034.240000,64034.250000,1771977572614,1771977571309,1771977571309,99685,63,0
BTCUSDT,64034.240000,64034.250000,1771977572714,1771977571409,1771977571409,100213,19,0
BTCUSDT,64034.240000,64034.310000,1771977572814,1771977571509,1771977571509,100379,27,0
BTCUSDT,64034.240000,64034.300000,1771977572914,1771977571609,1771977571609,99654,19,0
BTCUSDT,64034.240000,64034.300000,1771977573014,1771977571709,1771977571709,100006,17,0
BTCUSDT,64029.040000,64044.150000,1771977573114,1771977571809,1771977571809,99907,15,0
BTCUSDT,57630.820000,64034.250000,1771977573214,1771977571908,1771977571908,99647,13,0
BTCUSDT,63521.970000,64034.250000,1771977573314,1771977572009,1771977572009,100203,14,0
BTCUSDT,63521.970000,64035.360000,1771977573415,1771977572110,1771977572110,100907,13,0
BTCUSDT,63926.420000,64035.930000,1771977573614,1771977572308,1771977572308,198765,14,0
BTCUSDT,57630.820000,64034.300000,1771977573714,1771977572408,1771977572409,100140,15,0
BTCUSDT,64013.500000,64053.460000,1771977573814,1771977572509,1771977572509,100132,14,0
BTCUSDT,64029.040000,64034.250000,1771977574014,1771977572709,1771977572709,200073,19,0
BTCUSDT,64034.240000,64041.350000,1771977574114,1771977572809,1771977572809,99988,19,0
BTCUSDT,64034.240000,64034.300000,1771977574214,1771977572908,1771977572908,99699,16,0
BTCUSDT,64034.240000,64100.310000,1771977574314,1771977573009,1771977573009,100241,16,0
BTCUSDT,64016.260000,64038.000000,1771977574514,1771977573209,1771977573209,200320,14,0
BTCUSDT,64034.240000,64038.000000,1771977574614,1771977573309,1771977573309,99707,15,0
BTCUSDT,64025.500000,64034.250000,1771977574714,1771977573410,1771977573410,100982,17,0
BTCUSDT,63967.880000,64038.000000,1771977574814,1771977573509,1771977573509,99207,24,0
BTCUSDT,64029.050000,64038.000000,1771977575114,1771977573809,1771977573809,300160,42,0
BTCUSDT,64034.240000,64034.250000,1771977575214,1771977573909,1771977573909,99779,44,0
BTCUSDT,63521.970000,64034.530000,1771977575314,1771977574008,1771977574008,99635,14,0
BTCUSDT,63881.180000,70437.670000,1771977575414,1771977574108,1771977574109,100071,14,0
BTCUSDT,57630.820000,70437.670000,1771977575514,1771977574209,1771977574209,100547,41,0
BTCUSDT,64029.030000,64034.250000,1771977575614,1771977574309,1771977574309,99997,14,0
BTCUSDT,57630.820000,64056.560000,1771977575714,1771977574409,1771977574409,99912,14,0
BTCUSDT,63971.370000,64249.010000,1771977575814,1771977574508,1771977574508,99518,19,0
BTCUSDT,64034.240000,64028.110000,1771977575914,1771977574609,1771977574609,100252,146,0
BTCUSDT,64028.100000,64028.110000,1771977576014,1771977574801,1771977574801,191850,35,0
BTCUSDT,64028.100000,64028.110000,1771977576114,1771977574901,1771977574901,100057,25,0
BTCUSDT,64028.100000,64031.540000,1771977576214,1771977574908,1771977574908,7803,18,0
BTCUSDT,64028.100000,64028.110000,1771977576314,1771977575008,1771977575009,100057,34,0
BTCUSDT,64028.100000,64028.110000,1771977576414,1771977575109,1771977575109,100216,43,0
BTCUSDT,64028.100000,64028.110000,1771977576514,1771977575209,1771977575209,100051,29,0
BTCUSDT,64028.100000,64028.110000,1771977576614,1771977575308,1771977575308,99601,23,0
BTCUSDT,64028.100000,64028.110000,1771977576714,1771977575409,1771977575409,100211,17,0
BTCUSDT,57625.290000,64028.110000,1771977576814,1771977575509,1771977575509,100088,15,0
BTCUSDT,64024.880000,64028.110000,1771977576914,1771977575609,1771977575609,99907,16,0
BTCUSDT,64025.230000,64028.110000,1771977577014,1771977575709,1771977575709,100245,16,0
BTCUSDT,64007.170000,64028.110000,1771977577114,1771977575808,1771977575808,99637,19,0
BTCUSDT,64022.890000,64028.110000,1771977577214,1771977575908,1771977575908,99945,16,0
BTCUSDT,57625.290000,64028.110000,1771977577314,1771977576009,1771977576009,100147,12,0
BTCUSDT,64020.740000,64028.110000,1771977577414,1771977576109,1771977576109,100227,18,0
BTCUSDT,64028.100000,64028.110000,1771977577514,1771977576209,1771977576209,99728,18,0
BTCUSDT,64028.100000,64028.110000,1771977577615,1771977576310,1771977576310,101028,14,0
BTCUSDT,64023.600000,64028.110000,1771977577714,1771977576408,1771977576408,98923,23,0
BTCUSDT,64028.100000,64165.290000,1771977577814,1771977576509,1771977576509,100221,62,0
BTCUSDT,64028.100000,64028.110000,1771977577914,1771977576609,1771977576609,100451,58,0
BTCUSDT,64023.710000,64028.110000,1771977578014,1771977576708,1771977576708,99331,26,0
BTCUSDT,64028.100000,64028.940000,1771977578214,1771977576908,1771977576909,200040,18,0
BTCUSDT,64028.100000,64028.110000,1771977578314,1771977577009,1771977577009,100184,15,0
BTCUSDT,64023.610000,64028.110000,1771977578514,1771977577209,1771977577209,199912,16,0
BTCUSDT,64028.100000,64028.110000,1771977578614,1771977577309,1771977577309,100006,76,0
BTCUSDT,64028.100000,64028.110000,1771977578714,1771977577409,1771977577409,100466,32,0
BTCUSDT,64027.040000,64028.110000,1771977578814,1771977577509,1771977577509,99580,62,0
BTCUSDT,64026.420000,64037.260000,1771977578914,1771977577608,1771977577608,99813,15,0
BTCUSDT,64026.590000,64108.880000,1771977579014,1771977577709,1771977577709,100155,16,0
BTCUSDT,64026.590000,64135.040000,1771977579114,1771977577809,1771977577809,100342,13,0
BTCUSDT,64022.880000,64034.510000,1771977579214,1771977577908,1771977577908,99337,41,0
BTCUSDT,64028.100000,64060.370000,1771977579314,1771977578008,1771977578008,100123,16,0
BTCUSDT,64026.430000,64028.110000,1771977579414,1771977578109,1771977578109,100548,53,0
BTCUSDT,64030.130000,64028.110000,1771977579514,1771977578209,1771977578209,99796,84,0
BTCUSDT,64030.140000,64030.140000,1771977579614,1771977578308,1771977578308,99586,65,0
BTCUSDT,64033.250000,64030.150000,1771977579714,1771977578409,1771977578410,101012,218,0
BTCUSDT,64034.510000,64033.260000,1771977579814,1771977578509,1771977578509,99667,265,0
BTCUSDT,64034.520000,64034.520000,1771977579914,1771977578608,1771977578608,99261,41,0
BTCUSDT,64043.020000,64034.530000,1771977580014,1771977578709,1771977578710,101110,416,0
BTCUSDT,64043.020000,64043.030000,1771977580114,1771977578809,1771977578809,99547,193,0
BTCUSDT,64043.020000,64043.030000,1771977580214,1771977578909,1771977578909,99826,21,0
BTCUSDT,64042.830000,64043.030000,1771977580314,1771977579008,1771977579008,99648,25,0
BTCUSDT,64043.020000,64043.030000,1771977580414,1771977579109,1771977579109,100288,37,0
BTCUSDT,64040.550000,64043.030000,1771977580514,1771977579209,1771977579209,99989,88,0
BTCUSDT,64043.020000,64043.030000,1771977580614,1771977579309,1771977579309,99979,29,0
BTCUSDT,64043.020000,64043.030000,1771977580714,1771977579408,1771977579408,99701,28,0
BTCUSDT,64041.080000,64043.030000,1771977580814,1771977579509,1771977579509,100506,37,0
BTCUSDT,64042.840000,64043.030000,1771977580914,1771977579609,1771977579609,99790,95,0
BTCUSDT,64042.440000,64043.030000,1771977581014,1771977579709,1771977579710,100703,207,0
BTCUSDT,64043.020000,64043.030000,1771977581114,1771977579809,1771977579809,99275,27,0
BTCUSDT,64041.840000,64043.030000,1771977581214,1771977579908,1771977579908,99779,21,0
BTCUSDT,64037.630000,64043.030000,1771977581314,1771977580009,1771977580009,100091,17,0
BTCUSDT,64040.000000,64045.890000,1771977581414,1771977580109,1771977580109,100081,17,0
BTCUSDT,64037.650000,64266.860000,1771977581514,1771977580209,1771977580209,100156,52,0
BTCUSDT,64043.020000,64043.030000,1771977581614,1771977580309,1771977580309,99910,70,0
BTCUSDT,64040.670000,64043.030000,1771977581714,1771977580409,1771977580409,100175,106,0
BTCUSDT,64040.550000,64045.890000,1771977581814,1771977580509,1771977580509,100067,53,0
BTCUSDT,64043.020000,64043.030000,1771977582014,1771977580709,1771977580709,199682,17,0
BTCUSDT,64030.500000,64051.380000,1771977582114,1771977580809,1771977580809,100368,49,0
BTCUSDT,64043.020000,64075.060000,1771977582214,1771977580909,1771977580909,99621,15,0
BTCUSDT,64041.850000,64088.360000,1771977582414,1771977581108,1771977581108,199794,14,0
BTCUSDT,64036.500000,64069.690000,1771977582514,1771977581208,1771977581208,100024,21,0
BTCUSDT,64041.840000,64045.880000,1771977582615,1771977581309,1771977581309,100697,17,0
BTCUSDT,63950.070000,64043.030000,1771977582714,1771977581408,1771977581408,99284,16,0
BTCUSDT,63964.770000,64101.380000,1771977582814,1771977581509,1771977581509,100321,16,0
BTCUSDT,64043.020000,64043.030000,1771977582914,1771977581609,1771977581609,100169,51,0
BTCUSDT,64038.710000,64043.030000,1771977583014,1771977581709,1771977581709,100016,21,0
BTCUSDT,57638.720000,64043.030000,1771977583115,1771977581809,1771977581809,100495,38,0
BTCUSDT,64037.790000,64048.260000,1771977583214,1771977581909,1771977581909,99354,45,0
BTCUSDT,64043.020000,64043.030000,1771977583414,1771977582109,1771977582109,199912,49,0
BTCUSDT,64041.070000,64043.030000,1771977583514,1771977582209,1771977582209,99883,20,0
BTCUSDT,64043.020000,64043.030000,1771977583614,1771977582308,1771977582308,99826,21,0
BTCUSDT,64041.840000,64043.030000,1771977583714,1771977582409,1771977582409,100234,17,0
BTCUSDT,63979.190000,64048.310000,1771977583814,1771977582508,1771977582508,99683,27,0
BTCUSDT,64030.500000,64047.870000,1771977583915,1771977582609,1771977582609,100831,37,0
BTCUSDT,63973.130000,64043.030000,1771977584014,1771977582709,1771977582709,99573,30,0
BTCUSDT,64043.020000,64050.650000,1771977584114,1771977582809,1771977582809,100107,14,0
BTCUSDT,63959.860000,64047.870000,1771977584214,1771977582908,1771977582908,99642,16,0
BTCUSDT,64034.630000,64043.030000,1771977584314,1771977583008,1771977583008,99641,18,0
BTCUSDT,64042.840000,64043.030000,1771977584414,1771977583108,1771977583108,100267,23,0
BTCUSDT,64040.550000,64043.030000,1771977584514,1771977583208,1771977583208,99999,21,0
BTCUSDT,63954.280000,64048.330000,1771977584614,1771977583308,1771977583308,100043,14,0
BTCUSDT,64043.020000,64043.030000,1771977584714,1771977583408,1771977583408,100030,16,0
BTCUSDT,64043.020000,64043.030000,1771977584815,1771977583510,1771977583510,101247,22,0
BTCUSDT,63971.950000,64043.030000,1771977584914,1771977583608,1771977583608,98626,18,0
BTCUSDT,57638.720000,64205.380000,1771977585014,1771977583709,1771977583709,100505,14,0
BTCUSDT,64007.170000,64043.030000,1771977585114,1771977583809,1771977583809,99824,27,0
BTCUSDT,63845.910000,64259.940000,1771977585214,1771977583908,1771977583908,99719,16,0
BTCUSDT,64018.340000,64287.220000,1771977585314,1771977584008,1771977584008,100098,22,0
BTCUSDT,64043.020000,64043.030000,1771977585414,1771977584108,1771977584108,99834,16,0
BTCUSDT,64043.020000,64043.030000,1771977585514,1771977584209,1771977584209,100396,133,0
BTCUSDT,64043.020000,64043.030000,1771977585614,1771977584309,1771977584309,100183,246,0
BTCUSDT,64041.070000,64043.030000,1771977585714,1771977584409,1771977584409,100009,44,0
BTCUSDT,63990.750000,64043.030000,1771977585814,1771977584508,1771977584508,99314,33,0
BTCUSDT,64043.020000,64043.030000,1771977585916,1771977584611,1771977584611,102834,57,0
BTCUSDT,64043.020000,64043.030000,1771977586014,1771977584709,1771977584709,97629,25,0
BTCUSDT,64017.400000,64043.030000,1771977586114,1771977584809,1771977584809,99881,51,0
BTCUSDT,64017.400000,64048.330000,1771977586215,1771977584909,1771977584909,100772,21,0
BTCUSDT,64038.150000,64043.030000,1771977586314,1771977585008,1771977585008,99063,17,0
BTCUSDT,64033.620000,64043.030000,1771977586414,1771977585109,1771977585109,100164,37,0
BTCUSDT,63924.590000,64049.160000,1771977586514,1771977585209,1771977585209,100308,49,0
BTCUSDT,64037.780000,64043.030000,1771977586614,1771977585308,1771977585309,99651,118,0
BTCUSDT,57638.720000,64066.150000,1771977586714,1771977585409,1771977585409,100282,37,0
BTCUSDT,64009.750000,64044.630000,1771977586814,1771977585509,1771977585509,100505,61,0
BTCUSDT,64036.980000,64044.260000,1771977586914,1771977585608,1771977585608,99128,19,0
BTCUSDT,57638.720000,64049.430000,1771977587215,1771977585909,1771977585909,300606,13,0
BTCUSDT,57638.720000,64049.440000,1771977587714,1771977586408,1771977586408,499365,14,0
BTCUSDT,63783.440000,64066.140000,1771977587814,1771977586508,1771977586508,99861,13,0
BTCUSDT,63961.140000,64066.140000,1771977587915,1771977586609,1771977586609,100673,13,0
BTCUSDT,63971.010000,64066.140000,1771977588014,1771977586708,1771977586708,99289,14,0
BTCUSDT,63451.940000,64048.360000,1771977588114,1771977586808,1771977586808,99985,19,0
BTCUSDT,64043.020000,64043.030000,1771977588214,1771977586909,1771977586909,100484,17,0
BTCUSDT,63812.580000,64043.030000,1771977588314,1771977587008,1771977587008,99524,16,0
BTCUSDT,57638.720000,64048.920000,1771977588714,1771977587408,1771977587408,400211,13,0
BTCUSDT,57638.720000,64047.570000,1771977588814,1771977587508,1771977587508,99995,12,0
BTCUSDT,63991.620000,64043.030000,1771977588914,1771977587609,1771977587609,100129,12,0
BTCUSDT,57638.720000,64043.030000,1771977589014,1771977587708,1771977587708,99910,15,0
BTCUSDT,64040.670000,64043.030000,1771977589114,1771977587809,1771977587809,100100,18,0
BTCUSDT,64041.070000,64048.280000,1771977589214,1771977587908,1771977587908,99537,19,0
BTCUSDT,64043.020000,64043.030000,1771977589314,1771977588008,1771977588008,100261,17,0
BTCUSDT,57638.720000,64044.260000,1771977589414,1771977588108,1771977588108,99996,15,0
BTCUSDT,64030.800000,64125.750000,1771977589514,1771977588208,1771977588208,99963,12,0
BTCUSDT,64043.020000,64043.030000,1771977589614,1771977588309,1771977588309,100456,42,0
BTCUSDT,63530.680000,64043.030000,1771977589714,1771977588409,1771977588409,99755,13,0
BTCUSDT,64043.020000,64043.030000,1771977590114,1771977588808,1771977588809,399959,17,0
BTCUSDT,64037.650000,64047.570000,1771977590214,1771977588909,1771977588909,100064,21,0
BTCUSDT,64036.330000,64043.030000,1771977590314,1771977589008,1771977589008,99636,22,0
BTCUSDT,64007.930000,64090.500000,1771977590414,1771977589109,1771977589109,100732,41,0
BTCUSDT,64008.020000,64052.890000,1771977590515,1771977589209,1771977589209,100413,14,0
BTCUSDT,63928.610000,64043.030000,1771977590614,1771977589308,1771977589308,98947,19,0
BTCUSDT,64037.780000,64043.030000,1771977590714,1771977589408,1771977589408,100137,17,0
BTCUSDT,64016.210000,64043.030000,1771977590914,1771977589608,1771977589608,199663,13,0
BTCUSDT,57638.720000,64059.180000,1771977591014,1771977589708,1771977589708,100325,13,0
BTCUSDT,57638.720000,64043.030000,1771977591114,1771977589809,1771977589809,100437,13,0
BTCUSDT,57638.720000,64043.030000,1771977591214,1771977589908,1771977589908,99250,14,0
BTCUSDT,57638.720000,64043.030000,1771977591314,1771977590008,1771977590008,100174,14,0
BTCUSDT,63530.680000,64049.430000,1771977591614,1771977590308,1771977590308,299835,13,0
BTCUSDT,64033.690000,64043.030000,1771977591815,1771977590509,1771977590509,200994,14,0
BTCUSDT,64037.780000,64043.030000,1771977591915,1771977590609,1771977590609,100337,22,0
BTCUSDT,61449.280000,64043.030000,1771977592114,1771977590808,1771977590808,198698,12,0
BTCUSDT,58947.540000,64167.560000,1771977612914,1771977611611,1771977611611,0,12,0
BTCUSDT,64071.760000,64073.420000,1771977613114,1771977611812,1771977611812,200523,14,0
BTCUSDT,64073.400000,64073.420000,1771977613214,1771977611912,1771977611912,100173,13,0
BTCUSDT,64073.410000,64073.420000,1771977613314,1771977612012,1771977612012,99672,20,0
BTCUSDT,64073.410000,64073.420000,1771977613414,1771977612112,1771977612112,100048,16,0
BTCUSDT,64073.410000,64078.750000,1771977613514,1771977612211,1771977612212,99925,94,0
BTCUSDT,64071.330000,64073.420000,1771977613614,1771977612311,1771977612311,99763,15,0
BTCUSDT,64073.410000,64076.070000,1771977613714,1771977612411,1771977612411,100162,14,0
BTCUSDT,64068.770000,64073.420000,1771977613814,1771977612511,1771977612511,99789,17,0
BTCUSDT,64073.410000,64075.420000,1771977613914,1771977612612,1771977612612,100541,16,0
BTCUSDT,63961.620000,64073.420000,1771977614014,1771977612712,1771977612712,99758,13,0
BTCUSDT,63560.820000,65185.110000,1771977614114,1771977612811,1771977612811,99562,26,0
BTCUSDT,64073.410000,64073.420000,1771977614214,1771977612911,1771977612911,100310,60,0
BTCUSDT,64071.330000,64073.420000,1771977614314,1771977613011,1771977613011,99782,16,0
BTCUSDT,64071.330000,64111.090000,1771977614414,1771977613112,1771977613112,100535,18,0
BTCUSDT,64073.410000,64073.420000,1771977614515,1771977613212,1771977613212,100218,18,0
BTCUSDT,64073.300000,64170.160000,1771977614614,1771977613311,1771977613311,99341,16,0
BTCUSDT,57666.070000,64153.620000,1771977614714,1771977613411,1771977613411,100054,17,0
BTCUSDT,64072.050000,64073.420000,1771977614814,1771977613511,1771977613511,99923,12,0
BTCUSDT,57666.070000,64135.850000,1771977614914,1771977613611,1771977613611,100125,13,0
BTCUSDT,64073.410000,64082.770000,1771977615014,1771977613711,1771977613711,100111,14,0
BTCUSDT,64073.410000,64073.420000,1771977615114,1771977613811,1771977613811,99899,20,0
BTCUSDT,64056.970000,64073.420000,1771977615214,1771977613912,1771977613912,100260,33,0
BTCUSDT,64073.410000,64079.820000,1771977615314,1771977614011,1771977614011,99518,21,0
BTCUSDT,64073.410000,64073.420000,1771977615414,1771977614111,1771977614111,100233,39,0
BTCUSDT,64073.410000,64073.420000,1771977615514,1771977614211,1771977614211,99933,54,0
BTCUSDT,64073.410000,64073.420000,1771977615614,1771977614312,1771977614312,100486,25,0
BTCUSDT,64061.610000,64073.420000,1771977615714,1771977614412,1771977614412,99982,27,0
BTCUSDT,64073.400000,64073.430000,1771977615814,1771977614511,1771977614511,99531,22,0
BTCUSDT,64072.050000,64075.560000,1771977615915,1771977614612,1771977614612,100670,18,0
BTCUSDT,64073.410000,64081.270000,1771977616014,1771977614712,1771977614712,99664,15,0
BTCUSDT,64073.410000,64073.420000,1771977616214,1771977614912,1771977614912,199866,28,0
BTCUSDT,64073.410000,64073.420000,1771977616314,1771977615011,1771977615011,99748,16,0
BTCUSDT,64065.460000,64079.810000,1771977616414,1771977615112,1771977615112,100383,15,0
BTCUSDT,64074.390000,64073.420000,1771977616514,1771977615211,1771977615211,99473,25,0
BTCUSDT,64074.390000,64074.400000,1771977616614,1771977615312,1771977615312,100439,39,0
BTCUSDT,64074.390000,64074.400000,1771977616714,1771977615412,1771977615412,100095,90,0
BTCUSDT,64074.390000,64074.400000,1771977616814,1771977615511,1771977615511,99761,19,0
BTCUSDT,64073.440000,64074.400000,1771977616914,1771977615611,1771977615611,99827,18,0
BTCUSDT,64074.390000,64074.400000,1771977617014,1771977615712,1771977615712,100478,83,0
BTCUSDT,64073.060000,64074.400000,1771977617114,1771977615812,1771977615812,100234,69,0
BTCUSDT,57666.960000,64084.080000,1771977617314,1771977616012,1771977616012,199706,35,0
BTCUSDT,64056.970000,64074.400000,1771977617414,1771977616112,1771977616112,100286,41,0
BTCUSDT,64066.520000,64097.940000,1771977617614,1771977616311,1771977616312,199521,42,0
BTCUSDT,64074.390000,64074.400000,1771977617714,1771977616411,1771977616411,99906,24,0
BTCUSDT,64073.410000,64152.200000,1771977617814,1771977616511,1771977616511,99862,20,0
BTCUSDT,64072.000000,64185.940000,1771977617914,1771977616611,1771977616611,100239,13,0
BTCUSDT,64074.240000,64074.400000,1771977618114,1771977616811,1771977616811,199708,21,0
BTCUSDT,64074.390000,64074.400000,1771977618214,1771977616911,1771977616911,100232,12,0
BTCUSDT,57666.960000,64074.400000,1771977618614,1771977617311,1771977617311,399744,12,0
BTCUSDT,64007.040000,64149.660000,1771977618714,1771977617411,1771977617411,100052,25,0
BTCUSDT,64074.390000,64135.610000,1771977618814,1771977617512,1771977617512,100378,32,0
BTCUSDT,64069.980000,64124.290000,1771977618914,1771977617611,1771977617611,99759,14,0
BTCUSDT,64071.570000,64085.140000,1771977619014,1771977617711,1771977617711,99843,13,0
BTCUSDT,64043.030000,64189.130000,1771977619114,1771977617811,1771977617811,100153,12,0
BTCUSDT,64072.000000,64189.130000,1771977619214,1771977617912,1771977617912,100425,14,0
BTCUSDT,64047.050000,64085.150000,1771977619614,1771977618311,1771977618311,399701,13,0
BTCUSDT,64072.000000,64124.230000,1771977619714,1771977618411,1771977618411,99832,13,0
BTCUSDT,64066.140000,64141.820000,1771977619814,1771977618511,1771977618511,99991,13,0
BTCUSDT,64059.080000,64167.560000,1771977619914,1771977618611,1771977618611,100005,14,0
BTCUSDT,64074.390000,64085.150000,1771977620014,1771977618711,1771977618711,100006,13,0
BTCUSDT,64074.390000,64074.400000,1771977620114,1771977618811,1771977618811,99962,14,0
BTCUSDT,64074.390000,64074.400000,1771977620215,1771977618912,1771977618912,100748,14,0
BTCUSDT,64068.260000,70481.840000,1771977620414,1771977619111,1771977619111,199130,13,0
BTCUSDT,64074.390000,70481.840000,1771977620514,1771977619211,1771977619211,100288,14,0
BTCUSDT,64074.390000,64074.400000,1771977620614,1771977619311,1771977619311,99693,13,0
BTCUSDT,64073.450000,64129.230000,1771977620914,1771977619612,1771977619612,300441,76,0
BTCUSDT,64074.390000,64079.720000,1771977621114,1771977619811,1771977619811,199761,14,0
BTCUSDT,57666.960000,64074.400000,1771977621514,1771977620211,1771977620211,399805,17,0
BTCUSDT,64074.390000,64074.400000,1771977621614,1771977620311,1771977620311,100052,14,0
BTCUSDT,64018.760000,64174.470000,1771977621914,1771977620611,1771977620611,299993,15,0
BTCUSDT,64018.760000,64224.160000,1771977622014,1771977620712,1771977620712,100363,27,0
BTCUSDT,64074.390000,64085.160000,1771977622214,1771977620911,1771977620911,199491,15,0
BTCUSDT,64066.060000,64074.400000,1771977622314,1771977621011,1771977621011,100332,14,0
BTCUSDT,57666.960000,64113.590000,1771977622414,1771977621112,1771977621112,100220,13,0
BTCUSDT,57666.960000,64074.400000,1771977622514,1771977621211,1771977621211,99485,13,0
BTCUSDT,64072.270000,64085.550000,1771977622814,1771977621511,1771977621511,300135,27,0
BTCUSDT,64073.060000,64152.200000,1771977622914,1771977621611,1771977621611,99896,22,0
BTCUSDT,61351.230000,64085.170000,1771977623114,1771977621811,1771977621811,200053,12,0
BTCUSDT,63561.790000,64074.400000,1771977623214,1771977621911,1771977621911,100060,13,0
BTCUSDT,64058.000000,64085.550000,1771977623314,1771977622011,1771977622011,100104,14,0
BTCUSDT,64074.390000,64074.400000,1771977623514,1771977622211,1771977622211,199726,13,0
BTCUSDT,61671.610000,64083.950000,1771977623614,1771977622311,1771977622311,100269,12,0
BTCUSDT,64074.390000,64106.440000,1771977623714,1771977622411,1771977622411,99962,18,0
BTCUSDT,64046.600000,64074.400000,1771977623914,1771977622611,1771977622611,199933,14,0
BTCUSDT,64071.710000,64088.780000,1771977624014,1771977622711,1771977622711,100082,24,0
BTCUSDT,64071.760000,64085.180000,1771977624114,1771977622811,1771977622811,99654,16,0
BTCUSDT,63988.510000,64074.400000,1771977624214,1771977622912,1771977622912,100597,48,0
BTCUSDT,62152.160000,64272.940000,1771977624414,1771977623111,1771977623111,199417,14,0
BTCUSDT,57666.960000,64074.400000,1771977624514,1771977623211,1771977623211,100283,14,0
BTCUSDT,64021.140000,64083.990000,1771977624714,1771977623411,1771977623411,199845,18,0
BTCUSDT,64068.790000,64074.400000,1771977624914,1771977623611,1771977623611,200340,18,0
BTCUSDT,64073.460000,64074.400000,1771977625014,1771977623711,1771977623711,99801,24,0
BTCUSDT,64074.390000,64074.400000,1771977625114,1771977623811,1771977623811,99849,39,0
BTCUSDT,64074.390000,64074.400000,1771977625214,1771977623911,1771977623911,99922,28,0
BTCUSDT,63561.790000,64074.400000,1771977625314,1771977624011,1771977624011,100162,18,0
BTCUSDT,64074.240000,64076.290000,1771977625414,1771977624112,1771977624112,100404,18,0
BTCUSDT,64074.390000,64074.400000,1771977625514,1771977624212,1771977624212,99974,27,0
BTCUSDT,64080.800000,64074.400000,1771977625614,1771977624312,1771977624312,100148,306,0
BTCUSDT,64080.800000,64080.810000,1771977625714,1771977624411,1771977624411,99544,28,0
BTCUSDT,64080.800000,64080.810000,1771977625814,1771977624511,1771977624511,99937,24,0
BTCUSDT,64077.920000,64080.810000,1771977625914,1771977624612,1771977624612,100445,20,0
BTCUSDT,64076.720000,64080.810000,1771977626014,1771977624711,1771977624711,99592,21,0
BTCUSDT,64080.800000,64080.810000,1771977626114,1771977624812,1771977624812,100386,128,0
BTCUSDT,64080.800000,64080.810000,1771977626214,1771977624911,1771977624911,99563,52,0
BTCUSDT,64080.800000,64080.810000,1771977626314,1771977625011,1771977625011,100012,48,0
BTCUSDT,64080.800000,64080.810000,1771977626414,1771977625111,1771977625111,100140,38,0
BTCUSDT,64080.800000,64082.720000,1771977626514,1771977625211,1771977625211,99737,20,0
BTCUSDT,64080.800000,64080.810000,1771977626614,1771977625311,1771977625311,100223,21,0
BTCUSDT,64080.800000,64080.810000,1771977626714,1771977625411,1771977625411,99639,16,0
BTCUSDT,64080.800000,64132.190000,1771977626814,1771977625512,1771977625512,100665,14,0
BTCUSDT,64074.780000,64106.910000,1771977626914,1771977625612,1771977625612,100028,14,0
BTCUSDT,64080.800000,64080.810000,1771977627014,1771977625711,1771977625711,99796,51,0
BTCUSDT,64078.490000,64080.860000,1771977627114,1771977625811,1771977625811,99598,29,0
BTCUSDT,64076.930000,64080.810000,1771977627214,1771977625911,1771977625911,100253,28,0
BTCUSDT,64043.030000,64080.810000,1771977627314,1771977626011,1771977626011,99792,14,0
BTCUSDT,64080.800000,64128.840000,1771977627414,1771977626111,1771977626111,99830,13,0
BTCUSDT,64080.110000,64086.590000,1771977627514,1771977626211,1771977626211,100398,16,0
BTCUSDT,64080.800000,64080.860000,1771977627614,1771977626311,1771977626311,99607,21,0
BTCUSDT,64080.800000,64080.810000,1771977627714,1771977626411,1771977626411,100191,28,0
BTCUSDT,64080.800000,64081.740000,1771977627814,1771977626511,1771977626511,100072,23,0
BTCUSDT,64080.550000,64083.530000,1771977627914,1771977626611,1771977626611,99731,16,0
BTCUSDT,64080.800000,64119.410000,1771977628014,1771977626711,1771977626711,100150,15,0
BTCUSDT,64080.800000,64080.810000,1771977628114,1771977626811,1771977626811,100207,14,0
BTCUSDT,64080.550000,64152.200000,1771977628214,1771977626911,1771977626911,99769,22,0
BTCUSDT,64069.720000,64080.810000,1771977628514,1771977627211,1771977627211,299981,13,0
BTCUSDT,64063.370000,64080.810000,1771977628614,1771977627311,1771977627311,100125,14,0
BTCUSDT,64074.390000,64080.810000,1771977628714,1771977627411,1771977627411,99892,18,0
BTCUSDT,64080.800000,64124.690000,1771977628814,1771977627511,1771977627511,100053,16,0
BTCUSDT,57672.720000,64181.000000,1771977628915,1771977627612,1771977627612,100955,15,0
BTCUSDT,64078.000000,64080.810000,1771977629014,1771977627711,1771977627711,99436,23,0
BTCUSDT,64056.970000,64093.840000,1771977629114,1771977627811,1771977627811,99926,30,0
BTCUSDT,64046.600000,64128.630000,1771977629214,1771977627911,1771977627911,99478,14,0
BTCUSDT,64080.800000,64080.810000,1771977629414,1771977628111,1771977628111,200489,15,0
BTCUSDT,64080.800000,64086.180000,1771977629614,1771977628311,1771977628311,199715,16,0
BTCUSDT,64074.400000,64106.450000,1771977629714,1771977628411,1771977628411,99837,13,0
BTCUSDT,64080.800000,64083.540000,1771977629814,1771977628511,1771977628511,99888,57,0
BTCUSDT,64076.920000,64173.330000,1771977629914,1771977628611,1771977628611,100584,27,0
BTCUSDT,64080.800000,64080.810000,1771977630014,1771977628711,1771977628711,99530,13,0
